!Option:AutoSwitch
!Account
NAlico Elie
TBank
^
NAlico Katie
TBank
^
NAlico Kevin
TBank
^
NBoA
TBank
^
NCareem
TBank
^
NCS
TBank
^
NENBD
TBank
^
NENBD $
TBank
^
NENBD - Savings
TBank
^
NHSBC FR
TBank
^
NHSBC Leb
TBank
^
NHSBC UAE
TBank
^
NHSBC UAE $
TBank
^
NHSBC UAE Euro
TBank
^
NIB
TBank
^
NIBL $
TBank
^
NIBL LL
TBank
^
NIBL LL Checking
TBank
^
NJuniper - ESPP
TBank
^
NKanoony
TBank
^
NRVBD - Investment
TBank
^
NRVBD - RSP
TBank
^
NSAXO
TBank
^
NSGBL - Checking
TBank
^
NSGBL - Savings
TBank
^
NVintro
TBank
^
NBoA CC
TCCard
L500.00
^
NENBD CC
TCCard
L0.00
^
NGlobal Cash
TCCard
L0.00
^
NHSBC CC
TCCard
L0.00
^
NSKYY CC
TCCard
L0.00
^
NCash $
TCash
^
NCash AED
TCash
^
NDeposits
TCash
^
N23 Marina
TOth A
^
NAudi
TOth A
^
NCayenne
TOth A
^
NLeb
TOth A
^
NMarina
TOth A
^
NMazda
TOth A
^
NMeadows 5
TOth A
^
NMM2304
TOth A
^
NMM2403
TOth A
^
NPanorama T2-605
TOth A
^
NPanorama T3-302
TOth A
^
NPhysical Gold
TOth A
^
NPorsche
TOth A
^
NPorsche 911
TOth A
^
NPortofino
TOth A
^
NRange Rover
TOth A
^
NSprings
TOth A
^
NTahoe
TOth A
^
NTanaro
TOth A
^
NTaycan
TOth A
^
N23 Marina Loan
TOth L
^
NAudi Loan
TOth L
^
NBisso
T»ú4›¾up
^
NLakes Deposit
T»ú4›¾up
^
NLeb Mort
TOth L
^
NMagida
T»ú4›¾up
^
NMarina Loan
TOth L
^
NMeadows 5 Loan
TOth L
^
NMM2304 Loan
TOth L
^
NMM2403 Loan
TOth L
^
NPan T2-605 Loan
TOth L
^
NPrsche Loan
TOth L
^
NRange Loan
TOth L
^
NSprings Mort
TOth L
^
NTanaro Mort
TOth L
^
!Clear:AutoSwitch
!Option:AutoSwitch
!Account
NAlico Elie
TBank
^
!Type:Bank 
D7/ 1'12
U21,106.00
T21,106.00
CX
POpening Balance
L[Alico Elie]
^
D2/ 8'13
U295.82
T295.82
PAlico - Adjust
L[Alico Elie]
^
D3/10'13
U1,049.83
T1,049.83
PAlico - Adjust
L[Alico Elie]
^
D6/ 6'13
U919.12
T919.12
PAlico - Adjust
L[Alico Elie]
^
D7/18'13
U1,299.45
T1,299.45
PAlico - Adjust
L[Alico Elie]
^
D10/ 1'13
U1,100.00
T1,100.00
PAlico - Elie
L[HSBC Leb]/Investment
^
D10/25'13
U743.31
T743.31
PAlico - Adjust
L[Alico Elie]
^
D1/ 1'14
U1,107.00
T1,107.00
PAlico - Elie
L[HSBC Leb]/Investment
^
D3/24'14
U1,690.64
T1,690.64
PAlico - Adjust
L[Alico Elie]
^
D4/ 1'14
U1,107.00
T1,107.00
PAlico - Elie
L[HSBC Leb]/Investment
^
D7/ 1'14
U1,107.00
T1,107.00
PAlico - Elie
L[HSBC Leb]/Investment
^
D8/11'14
U537.12
T537.12
PAlico - Adjust
L[Alico Elie]
^
D10/ 1'14
U1,107.00
T1,107.00
PAlico - Elie
L[HSBC Leb]/Investment
^
D1/ 1'15
U1,107.00
T1,107.00
PAlico - Elie
L[HSBC Leb]/Investment
^
D4/ 1'15
U1,107.00
T1,107.00
PAlico - Elie
L[HSBC Leb]/Investment
^
D7/ 1'15
U1,107.00
T1,107.00
PAlico - Elie
L[HSBC Leb]/Investment
^
D8/11'15
U1,403.12
T1,403.12
PAlico - Adjust
L[Alico Elie]
^
D10/ 1'15
U1,107.00
T1,107.00
PAlico - Elie
L[HSBC Leb]/Investment
^
D12/31'15
U-1,172.84
T-1,172.84
PAlico - Adjust
L[Alico Elie]
^
D1/ 1'16
U1,100.00
T1,100.00
PAlico - Elie
L[HSBC Leb]/Investment
^
D4/ 1'16
U1,107.00
T1,107.00
PAlico - Elie
L[HSBC Leb]/Investment
^
D7/ 1'16
U1,107.00
T1,107.00
PAlico - Elie
L[HSBC Leb]/Investment
^
D8/29'16
U1,146.58
T1,146.58
PAlico - Adjust
L[Alico Elie]
^
D10/ 1'16
U1,107.00
T1,107.00
PAlico - Elie
L[HSBC Leb]/Investment
^
D1/ 1'17
U1,107.00
T1,107.00
PAlico - Elie
L[HSBC Leb]/Investment
^
D3/12'17
U2,170.09
T2,170.09
PAlico - Adjust
L[Alico Elie]
^
D4/ 1'17
U1,107.00
T1,107.00
PAlico - Elie
L[HSBC Leb]/Investment
^
D7/ 1'17
U1,107.00
T1,107.00
PAlico - Elie
L[HSBC Leb]/Investment
^
D8/14'17
U1,160.44
T1,160.44
PAlico - Adjust
L[Alico Elie]
^
D10/ 1'17
U1,107.00
T1,107.00
PAlico - Elie
L[HSBC Leb]/Investment
^
D11/12'17
U80.43
T80.43
PAlico - Adjust
L[Alico Elie]
^
D1/ 1'18
U1,107.00
T1,107.00
PAlico - Elie
L[Cash $]/Investment
^
D4/ 1'18
U1,107.00
T1,107.00
PAlico - Elie
L[Cash $]/Investment
^
D5/ 1'18
U785.88
T785.88
PAlico - Adjust
L[Alico Elie]
^
D7/ 1'18
U1,107.00
T1,107.00
PAlico - Elie
L[SGBL - Checking]/Investment
^
D10/ 1'18
U1,107.00
T1,107.00
PAlico - Elie
L[Cash $]/Investment
^
D11/20'18
U-1,881.61
T-1,881.61
PAlico - Adjust
L[Alico Elie]
^
D1/ 1'19
U1,107.00
T1,107.00
PAlico - Elie
L[SGBL - Checking]/Investment
^
D3/25'19
U1,751.58
T1,751.58
NEst.
PAlico - Adjust
MC$1,881.61
L[Alico Elie]
^
D4/ 1'19
U1,107.00
T1,107.00
PAlico - Elie
L[SGBL - Checking]/Investment
^
D7/ 1'19
U1,107.00
T1,107.00
PAlico - Elie
L[SGBL - Checking]/Investment
^
D10/ 1'19
U1,107.00
T1,107.00
PAlico - Elie
L[SGBL - Checking]/Investment
^
D1/24'20
U-983.19
T-983.19
NEst.
PAlico - Adjust
MC$1,881.61
L[Alico Elie]
^
D5/ 8'21
U-3,568.09
T-3,568.09
PAlico - Adjust
L[Alico Elie]
^
D5/ 8'21
U-46,677.01
T-46,677.01
PClosing Account
L[ENBD $]
^
D5/ 8'21
U-9,517.67
T-9,517.67
PClosing Account
L[SGBL - Checking]
^
!Account
NAlico Katie
TBank
^
!Type:Bank 
D7/ 1'12
U8,315.00
T8,315.00
CX
POpening Balance
L[Alico Katie]
^
D2/ 8'13
U-981.79
T-981.79
PAlico - Adjust
L[Alico Katie]
^
D3/10'13
U59.64
T59.64
PAlico - Adjust
L[Alico Katie]
^
D6/17'13
U1,645.86
T1,645.86
PAlico - Adjust
L[Alico Katie]
^
D7/18'13
U206.02
T206.02
PAlico - Adjust
L[Alico Katie]
^
D10/25'13
U304.02
T304.02
PAlico - Adjust
L[Alico Katie]
^
D3/24'14
U313.53
T313.53
PAlico - Adjust
L[Alico Katie]
^
D6/ 1'14
U1,605.00
T1,605.00
PAlico - Katie
L[HSBC Leb]/Investment
^
D8/11'14
U417.68
T417.68
PAlico - Adjust
L[Alico Katie]
^
D6/ 1'15
U1,605.00
T1,605.00
PAlico - Katie
L[HSBC Leb]/Investment
^
D8/11'15
U464.22
T464.22
PAlico - Adjust
L[Alico Katie]
^
D12/31'15
U-405.97
T-405.97
PAlico - Adjust
L[Alico Katie]
^
D6/ 1'16
U1,605.00
T1,605.00
PAlico - Katie
L[HSBC Leb]/Investment
^
D8/29'16
U332.08
T332.08
PAlico - Adjust
L[Alico Katie]
^
D3/12'17
U653.25
T653.25
PAlico - Adjust
L[Alico Katie]
^
D6/ 1'17
U1,605.00
T1,605.00
PAlico - Katie
L[HSBC Leb]/Investment
^
D8/14'17
U511.03
T511.03
PAlico - Adjust
L[Alico Katie]
^
D11/12'17
U39.30
T39.30
PAlico - Adjust
L[Alico Katie]
^
D5/ 1'18
U328.56
T328.56
PAlico - Adjust
L[Alico Katie]
^
D6/ 1'18
U1,605.00
T1,605.00
PAlico - Katie
L[SGBL - Checking]/Investment
^
D8/ 2'18
U22.56
T22.56
PAlico - Adjust
L[Alico Katie]
^
D11/20'18
U-741.02
T-741.02
PAlico - Adjust
L[Alico Katie]
^
D3/25'19
U620.60
T620.60
PAlico - Adjust
L[Alico Katie]
^
D6/ 1'19
U1,605.00
T1,605.00
PAlico - Katie
L[SGBL - Checking]/Investment
^
D1/24'20
U-364.59
T-364.59
PAlico - Adjust
L[Alico Katie]
^
D5/ 8'21
U-21,369.98
T-21,369.98
PClosing Account
L[SGBL - Checking]
^
!Account
NAlico Kevin
TBank
^
!Type:Bank 
D7/ 1'12
U3,854.00
T3,854.00
CX
POpening Balance
L[Alico Kevin]
^
D2/ 8'13
U-1,522.41
T-1,522.41
PAlico - Adjust
L[Alico Kevin]
^
D3/10'13
U1,543.03
T1,543.03
PAlico - Adjust
L[Alico Kevin]
^
D7/18'13
U59.45
T59.45
PAlico - Adjust
L[Alico Kevin]
^
D10/25'13
U127.88
T127.88
PAlico - Adjust
L[Alico Kevin]
^
D3/ 1'14
U1,638.00
T1,638.00
PAlico - Kevin
L[HSBC Leb]/Investment
^
D8/11'14
U129.01
T129.01
PAlico - Adjust
L[Alico Kevin]
^
D3/ 1'15
U1,638.00
T1,638.00
PAlico - Kevin
L[HSBC Leb]/Investment
^
D8/11'15
U306.27
T306.27
PAlico - Adjust
L[Alico Kevin]
^
D12/31'15
U-287.49
T-287.49
PAlico - Adjust
L[Alico Kevin]
^
D3/ 1'16
U1,638.00
T1,638.00
PAlico - Kevin
L[HSBC Leb]/Investment
^
D8/29'16
U461.54
T461.54
PAlico - Adjust
L[Alico Kevin]
^
D3/ 1'17
U1,638.00
T1,638.00
PAlico - Kevin
L[HSBC Leb]/Investment
^
D3/12'17
U442.60
T442.60
PAlico - Adjust
L[Alico Kevin]
^
D8/14'17
U348.64
T348.64
PAlico - Adjust
L[Alico Kevin]
^
D11/12'17
U43.44
T43.44
PAlico - Adjust
L[Alico Kevin]
^
D3/ 1'18
U1,638.00
T1,638.00
PAlico - Kevin
L[Cash $]/Investment
^
D5/ 1'18
U361.47
T361.47
PAlico - Adjust
L[Alico Kevin]
^
D11/20'18
U-189.40
T-189.40
PAlico - Adjust
L[Alico Kevin]
^
D3/ 1'19
U1,638.00
T1,638.00
PAlico - Kevin
L[SGBL - Checking]/Investment
^
D3/25'19
U338.90
T338.90
PAlico - Adjust
L[Alico Kevin]
^
D1/24'20
U-55.57
T-55.57
PAlico - Adjust
L[Alico Kevin]
^
D5/ 8'21
U-15,789.36
T-15,789.36
PClosing Account
L[SGBL - Checking]
^
!Account
NBoA
TBank
^
!Type:Bank 
D2/12'18
U390.35
T390.35
CX
POpening Balance
L[BoA]
^
D2/13'18
U-33.52
T-33.52
C*
PCredit Card Payment
L[BoA CC]
^
D3/14'18
U-32.23
T-32.23
C*
PCredit Card Payment
L[BoA CC]
^
D4/12'18
U-12.00
T-12.00
C*
PAccount Maintenance Fee
LFees & Charges:Bank Fee
^
D4/13'18
U-230.82
T-230.82
C*
PCredit Card Payment
L[BoA CC]
^
D5/14'18
U975.00
T975.00
C*
PWire Type Wire
^
D5/14'18
U-15.00
T-15.00
C*
PWire Transfer Fee
LFees & Charges
^
D5/14'18
U-176.11
T-176.11
C*
PCredit Card Payment
L[BoA CC]
^
D5/14'18
U-12.00
T-12.00
C*
PAccount Maintenance Fee
LFees & Charges:Bank Fee
^
D6/13'18
U-138.12
T-138.12
C*
PCredit Card Payment
L[BoA CC]
^
D6/13'18
U-12.00
T-12.00
C*
PAccount Maintenance Fee
LFees & Charges:Bank Fee
^
D7/13'18
U-24.97
T-24.97
C*
PCredit Card Payment
L[BoA CC]
^
D7/13'18
U-12.00
T-12.00
C*
PAccount Maintenance Fee
LFees & Charges:Bank Fee
^
D8/14'18
U-236.24
T-236.24
C*
PCredit Card Payment
L[BoA CC]
^
D8/15'18
U-12.00
T-12.00
C*
PAccount Maintenance Fee
LFees & Charges:Bank Fee
^
D9/12'18
U-12.00
T-12.00
C*
PAccount Maintenance Fee
LFees & Charges:Bank Fee
^
D9/13'18
U-33.99
T-33.99
C*
PCredit Card Payment
L[BoA CC]
^
D10/15'18
U-121.28
T-121.28
C*
PCredit Card Payment
L[BoA CC]
^
D10/15'18
U-12.00
T-12.00
C*
PAccount Maintenance Fee
LFees & Charges:Bank Fee
^
D11/13'18
U-34.99
T-34.99
C*
PCredit Card Payment
L[BoA CC]
^
D11/13'18
U-12.00
T-12.00
C*
PAccount Maintenance Fee
LFees & Charges:Bank Fee
^
D12/12'18
U-12.00
T-12.00
C*
PAccount Maintenance Fee
LFees & Charges:Bank Fee
^
D12/13'18
U-126.22
T-126.22
C*
PCredit Card Payment
LBills & Utilities:Credit Card Payment
^
D12/18'18
U2,975.00
T2,975.00
C*
PWire Type Intl
^
D12/18'18
U-16.00
T-16.00
C*
PWire Transfer Fee
LFees & Charges
^
D1/14'19
U-12.00
T-12.00
C*
PAccount Maintenance Fee
LFees & Charges:Bank Fee
^
D3/12'19
U-42.28
T-42.28
C*
PBank Of America Credit Card Bill
LBills & Utilities:Credit Card Payment
^
D4/15'19
U-16.98
T-16.98
C*
PBank Of America Credit Card Bill
LBills & Utilities:Credit Card Payment
^
D5/13'19
U-31.97
T-31.97
C*
PBank Of America Credit Card Bill
LBills & Utilities:Credit Card Payment
^
D6/13'19
U-47.95
T-47.95
C*
PBank Of America Credit Card Bill
LBills & Utilities:Credit Card Payment
^
D7/15'19
U-35.41
T-35.41
C*
PBank Of America Credit Card Bill
LBills & Utilities:Credit Card Payment
^
D8/13'19
U-60.92
T-60.92
C*
PBank Of America Credit Card Bill
LBills & Utilities:Credit Card Payment
^
D9/13'19
U-40.94
T-40.94
C*
PBank Of America Credit Card Bill
LBills & Utilities:Credit Card Payment
^
D10/15'19
U-151.55
T-151.55
C*
PBank Of America Credit Card Bill
LBills & Utilities:Credit Card Payment
^
D11/13'19
U-39.69
T-39.69
C*
PBank Of America Credit Card Bill
LBills & Utilities:Credit Card Payment
^
D12/13'19
U-228.96
T-228.96
C*
PBank Of America Credit Card Bill
LBills & Utilities:Credit Card Payment
^
D1/13'20
U-29.97
T-29.97
C*
PBank Of America Credit Card Bill
LBills & Utilities:Credit Card Payment
^
D2/13'20
U-59.93
T-59.93
C*
PBank Of America Credit Card Bill
LBills & Utilities:Credit Card Payment
^
D3/13'20
U-29.97
T-29.97
C*
PBank Of America Credit Card Bill
LBills & Utilities:Credit Card Payment
^
D4/13'20
U-41.94
T-41.94
C*
PBank Of America Credit Card Bill
LBills & Utilities:Credit Card Payment
^
D5/13'20
U-188.90
T-188.90
C*
PBank Of America Credit Card Bill
LBills & Utilities:Credit Card Payment
^
D7/13'20
U-20.96
T-20.96
C*
PBank Of America Credit Card Bill
LBills & Utilities:Credit Card Payment
^
D8/13'20
U-20.97
T-20.97
C*
PBank Of America Credit Card Bill
LBills & Utilities:Credit Card Payment
^
D9/14'20
U-18.98
T-18.98
C*
PBank Of America Credit Card Bill
LBills & Utilities:Credit Card Payment
^
D10/13'20
U-157.16
T-157.16
C*
PBank Of America Credit Card Bill
LBills & Utilities:Credit Card Payment
^
D11/13'20
U-58.94
T-58.94
C*
PBank Of America Credit Card Bill
LBills & Utilities:Credit Card Payment
^
D12/14'20
U-12.00
T-12.00
C*
PAccount Maintenance Fee
LFees & Charges:Bank Fee
^
D12/14'20
U-219.97
T-219.97
C*
PBank Of America Credit Card Bill
LBills & Utilities:Credit Card Payment
^
D1/12'21
U-12.00
T-12.00
C*
PAccount Maintenance Fee
LFees & Charges:Bank Fee
^
D1/13'21
U-52.96
T-52.96
C*
PBank Of America Credit Card Bill
LBills & Utilities:Credit Card Payment
^
D2/ 9'21
U-12.00
T-12.00
C*
PAccount Maintenance Fee
LFees & Charges:Bank Fee
^
D2/16'21
U-23.97
T-23.97
C*
PBank Of America Credit Card Bill
LBills & Utilities:Credit Card Payment
^
D3/15'21
U-18.98
T-18.98
C*
PBank Of America Credit Card Bill
LBills & Utilities:Credit Card Payment
^
D3/15'21
U-12.00
T-12.00
C*
PAccount Maintenance Fee
LFees & Charges:Bank Fee
^
D4/13'21
U-18.98
T-18.98
C*
PBank Of America Credit Card Bill
LBills & Utilities:Credit Card Payment
^
D4/14'21
U-12.00
T-12.00
C*
PAccount Maintenance Fee
LFees & Charges:Bank Fee
^
D5/12'21
U-12.00
T-12.00
C*
PAccount Maintenance Fee
LFees & Charges:Bank Fee
^
D5/13'21
U-98.97
T-98.97
C*
PBank Of America Credit Card Bill
LBills & Utilities:Credit Card Payment
^
D6/14'21
U-23.97
T-23.97
C*
PBank Of America Credit Card Bill
LBills & Utilities:Credit Card Payment
^
D6/14'21
U-12.00
T-12.00
C*
PAccount Maintenance Fee
LFees & Charges:Bank Fee
^
D7/13'21
U-18.98
T-18.98
C*
PBank Of America Credit Card Bill
LBills & Utilities:Credit Card Payment
^
D7/14'21
U-12.00
T-12.00
C*
PAccount Maintenance Fee
LFees & Charges:Bank Fee
^
D8/13'21
U-12.00
T-12.00
C*
PAccount Maintenance Fee
LFees & Charges:Bank Fee
^
D8/13'21
U-28.95
T-28.95
C*
PBank Of America Credit Card Bill
LBills & Utilities:Credit Card Payment
^
D9/13'21
U-96.23
T-96.23
C*
PBank Of America Credit Card Bill
LBills & Utilities:Credit Card Payment
^
D9/14'21
U-12.00
T-12.00
C*
PAccount Maintenance Fee
LFees & Charges:Bank Fee
^
D10/13'21
U-12.00
T-12.00
C*
PAccount Maintenance Fee
LFees & Charges:Bank Fee
^
D10/13'21
U-164.52
T-164.52
C*
PBank Of America Credit Card Bill
LBills & Utilities:Credit Card Payment
^
D11/10'21
U-12.00
T-12.00
C*
PAccount Maintenance Fee
LFees & Charges:Bank Fee
^
D11/12'21
U-84.95
T-84.95
C*
PBank Of America Credit Card Bill
LBills & Utilities:Credit Card Payment
^
D12/13'21
U-76.96
T-76.96
C*
PBank Of America Credit Card Bill
LBills & Utilities:Credit Card Payment
^
D12/15'21
U-12.00
T-12.00
C*
PAccount Maintenance Fee
LFees & Charges:Bank Fee
^
D1/12'22
U-12.00
T-12.00
C*
PAccount Maintenance Fee
LFees & Charges:Bank Fee
^
D1/13'22
U-24.97
T-24.97
C*
PBank Of America Credit Card Bill
LBills & Utilities:Credit Card Payment
^
D2/ 9'22
U-12.00
T-12.00
C*
PAccount Maintenance Fee
LFees & Charges:Bank Fee
^
D2/14'22
U-24.97
T-24.97
C*
PBank Of America Credit Card Bill
LBills & Utilities:Credit Card Payment
^
D3/14'22
U-32.96
T-32.96
C*
PBank Of America Credit Card Bill
LBills & Utilities:Credit Card Payment
^
D3/15'22
U-12.00
T-12.00
C*
PAccount Maintenance Fee
LFees & Charges:Bank Fee
^
D4/13'22
U-144.93
T-144.93
C*
PBank Of America Credit Card Bill
LBills & Utilities:Credit Card Payment
^
D4/13'22
U-12.00
T-12.00
C*
PAccount Maintenance Fee
LFees & Charges:Bank Fee
^
D4/15'22
U2.84
T2.84
C*
PMorris Class Action
LOther Inc
^
D5/12'22
U-12.00
T-12.00
C*
PAccount Maintenance Fee
LFees & Charges:Bank Fee
^
D5/13'22
U-108.96
T-108.96
C*
PBank Of America Credit Card Bill
LBills & Utilities:Credit Card Payment
^
D6/13'22
U-29.97
T-29.97
C*
PBank Of America Credit Card Bill
LBills & Utilities:Credit Card Payment
^
D6/13'22
U-12.00
T-12.00
C*
PAccount Maintenance Fee
LFees & Charges:Bank Fee
^
D7/ 1'22
U2,975.00
T2,975.00
C*
PWire Type Intl
MWIRE TYPE:INTL IN DATE:220701 TIME:0435 ET TRN:...
^
D7/ 1'22
U-16.00
T-16.00
C*
PWire Transfer Fee
MWire Transfer Fee
LFees & Charges
^
D7/13'22
U-29.97
T-29.97
C*
PCredit Card Payment
MBANK OF AMERICA CREDIT CARD Bill Payment
LBills & Utilities:Credit Card Payment/Credit Card
^
D7/13'22
U-12.00
T-12.00
C*
PAccount Maintenance Fee
MMonthly Maintenance Fee
LFees & Charges:Bank Fee
^
D8/ 9'22
U-15.00
T-15.00
C*
PRush Replacement ATM
MRush Replacement ATM or Debit Card Fee
LFees & Charges
^
D8/ 9'22
U-15.00
T-15.00
C*
PRush Replacement ATM
MRush Replacement ATM or Debit Card Fee
LFees & Charges
^
D8/12'22
U-600.00
T-600.00
C*
PATM Withdrawal
MBKOFAMERICA ATM 08/11 # WITHDRWL BROADWAY & 53RD ST NEW YORK NY
LCash & ATM
^
D8/12'22
U-100.00
T-100.00
C*
PATM Withdrawal
MBKOFAMERICA ATM 08/11 # WITHDRWL BROADWAY & 53RD ST NEW YORK NY
LCash & ATM
^
D8/15'22
U-15.98
T-15.98
C*
PCredit Card Payment
MBANK OF AMERICA CREDIT CARD Bill Payment
LBills & Utilities:Credit Card Payment
^
D8/15'22
U-2.75
T-2.75
C*
PCoca Cola New
LFood & Dining:Restaurants
^
D8/15'22
U-72.44
T-72.44
C*
PTumi Cent
LUncategorized
^
D9/13'22
U-6.99
T-6.99
C*
PCredit Card Payment
MBANK OF AMERICA CREDIT CARD Bill Payment
LBills & Utilities:Credit Card Payment
^
D10/13'22
U-218.96
T-218.96
C*
PCredit Card Payment
MBANK OF AMERICA CREDIT CARD Bill Payment
LBills & Utilities:Credit Card Payment
^
D11/14'22
U-25.94
T-25.94
C*
PCredit Card Payment
MBANK OF AMERICA CREDIT CARD Bill Payment
LBills & Utilities:Credit Card Payment
^
D12/13'22
U-91.83
T-91.83
C*
PCredit Card Payment
MBANK OF AMERICA CREDIT CARD Bill Payment
LBills & Utilities:Credit Card Payment
^
D1/13'23
U-76.87
T-76.87
C*
PCredit Card Payment
MBANK OF AMERICA CREDIT CARD Bill Payment
LBills & Utilities:Credit Card Payment
^
D1/19'23
U-15.04
T-15.04
C*
PAmazon
LShopping
^
D1/20'23
U-6.03
T-6.03
C*
P2crypto.Com Los
LUncategorized
^
D1/20'23
U-30.09
T-30.09
C*
PCurb
LTravel:Rental Car & Taxi
^
D1/20'23
U-38.12
T-38.12
C*
PUber.Com
LTravel:Rental Car & Taxi
^
D1/23'23
U-5.89
T-5.89
C*
PMobile Aria Ret
LUncategorized
^
D1/23'23
U-10.96
T-10.96
C*
PUber.Com
LTravel:Rental Car & Taxi
^
D1/23'23
U-45.02
T-45.02
C*
PAria Alibi Bar
LFood & Dining:Alcohol & Bars
^
D1/23'23
U-22.78
T-22.78
C*
PMobile Aria F
LUncategorized
^
D1/23'23
U-4.59
T-4.59
C*
PMobile Aria Ret
LUncategorized
^
D1/23'23
U-88.03
T-88.03
C*
PAria Alibi Bar
LFood & Dining:Alcohol & Bars
^
D1/23'23
U-11.10
T-11.10
C*
PMobile Aria Patisserie
LUncategorized
^
D1/23'23
U-164.57
T-164.57
C*
PWazuzu Encore
LFood & Dining:Restaurants
^
D1/23'23
U-62.91
T-62.91
C*
PCvs
LHealth & Fitness:Pharmacy
^
D1/23'23
U-509.99
T-509.99
C*
PEveri Withdrwl Ever
LCash & ATM
^
D1/23'23
U-17.34
T-17.34
C*
PAria Patisserie Las
LUncategorized
^
D1/23'23
U-9.93
T-9.93
C*
PUber.Com
LTravel:Rental Car & Taxi
^
D1/23'23
U-2.50
T-2.50
C*
PEveri Withdrwl Ever
LCash & ATM
^
D1/23'23
U-112.54
T-112.54
C*
PAria Alibi Bar
LFood & Dining:Alcohol & Bars
^
D1/23'23
U-84.79
T-84.79
C*
PPeppermill
LHome:Furnishings
^
D1/24'23
U-21.84
T-21.84
C*
PIn-n-out Burger
LFood & Dining:Fast Food
^
D1/24'23
U-54.91
T-54.91
C*
PAria Patisserie Las
LUncategorized
^
D1/24'23
U-110.00
T-110.00
C*
PAria Bardot Bra
LFood & Dining:Restaurants
^
D1/26'23
U-13.55
T-13.55
C*
PMobile Aria Moneyline
LUncategorized
^
D1/27'23
U-51.80
T-51.80
C*
PWalgreens
LHealth & Fitness:Pharmacy
^
D1/30'23
U-136.52
T-136.52
C*
PMobile Wazuzu Encore
LFood & Dining:Restaurants
^
D1/30'23
U-12.97
T-12.97
C*
PUber.Com
LTravel:Rental Car & Taxi
^
D1/30'23
U-21.26
T-21.26
C*
PChick-fil-a
LFood & Dining:Fast Food
^
D1/30'23
U-29.26
T-29.26
C*
PMobile Aria Patisserie
LUncategorized
^
D1/30'23
U-5.07
T-5.07
C*
PChick-fil-a
LFood & Dining:Fast Food
^
D2/10'23
U-12.00
T-12.00
C*
PAccount Maintenance Fee
MMonthly Maintenance Fee
LFees & Charges:Bank Fee
^
D2/13'23
U-22.97
T-22.97
C*
PCredit Card Payment
MBANK OF AMERICA CREDIT CARD Bill Payment
LBills & Utilities:Credit Card Payment
^
D2/14'23
U1,975.00
T1,975.00
C*
PWire Type Intl
^
D2/14'23
U-16.00
T-16.00
C*
PWire Transfer Fee
MWire Transfer Fee
LFees & Charges
^
D3/13'23
U-382.95
T-382.95
C*
PCredit Card Payment
MBANK OF AMERICA CREDIT CARD Bill Payment
LBills & Utilities:Credit Card Payment
^
D3/16'23
U-12.00
T-12.00
C*
PAccount Maintenance Fee
MMonthly Maintenance Fee
LFees & Charges:Bank Fee
^
D4/13'23
U-197.90
T-197.90
C*
PCredit Card Payment
MBANK OF AMERICA CREDIT CARD Bill Payment
LBills & Utilities:Credit Card Payment
^
D5/ 1'23
U1.08
T1.08
C*
PMorris Residual Class
LOther Inc
^
D5/15'23
U-12.00
T-12.00
C*
PAccount Maintenance Fee
MMonthly Maintenance Fee
LFees & Charges:Bank Fee
^
D5/15'23
U-108.95
T-108.95
C*
PCredit Card Payment
MBANK OF AMERICA CREDIT CARD Bill Payment
LBills & Utilities:Credit Card Payment
^
D6/13'23
U-38.94
T-38.94
C*
PCredit Card Payment
MBANK OF AMERICA CREDIT CARD Bill Payment
LBills & Utilities:Credit Card Payment/Credit Card
^
D6/14'23
U-12.00
T-12.00
C*
PAccount Maintenance Fee
MMonthly Maintenance Fee
LFees & Charges:Bank Fee
^
D7/13'23
U-5.99
T-5.99
C*
PCredit Card Payment
MBANK OF AMERICA CREDIT CARD Bill Payment
LBills & Utilities:Credit Card Payment
^
D7/14'23
U-12.00
T-12.00
C*
PAccount Maintenance Fee
MMonthly Maintenance Fee
LFees & Charges:Bank Fee
^
D8/14'23
U-19.97
T-19.97
C*
PCredit Card Payment
MBANK OF AMERICA CREDIT CARD Bill Payment
LBills & Utilities:Credit Card Payment
^
D8/16'23
U-12.00
T-12.00
C*
PAccount Maintenance Fee
MMonthly Maintenance Fee
LFees & Charges:Bank Fee
^
D9/13'23
U-9.98
T-9.98
C*
PCredit Card Payment
MBANK OF AMERICA CREDIT CARD Bill Payment
LBills & Utilities:Credit Card Payment
^
D9/14'23
U-12.00
T-12.00
C*
PAccount Maintenance Fee
MMonthly Maintenance Fee
LFees & Charges:Bank Fee
^
D10/13'23
U-204.98
T-204.98
C*
PCredit Card Payment
MBANK OF AMERICA CREDIT CARD Bill Payment
LBills & Utilities:Credit Card Payment
^
D10/16'23
U-12.00
T-12.00
C*
PAccount Maintenance Fee
MMonthly Maintenance Fee
LFees & Charges:Bank Fee
^
D11/13'23
U-5.99
T-5.99
C*
PCredit Card Payment
MBANK OF AMERICA CREDIT CARD Bill Payment
LBills & Utilities:Credit Card Payment
^
D11/14'23
U-12.00
T-12.00
C*
PAccount Maintenance Fee
MMonthly Maintenance Fee
LFees & Charges:Bank Fee
^
D12/13'23
U-70.86
T-70.86
C*
PCredit Card Payment
MBANK OF AMERICA CREDIT CARD Bill Payment
LBills & Utilities:Credit Card Payment
^
D12/13'23
U-12.00
T-12.00
C*
PAccount Maintenance Fee
MMonthly Maintenance Fee
LFees & Charges:Bank Fee
^
D1/16'24
U-12.00
T-12.00
C*
PAccount Maintenance Fee
MMonthly Maintenance Fee
LFees & Charges:Bank Fee
^
D1/16'24
U-13.97
T-13.97
C*
PCredit Card Payment
MBANK OF AMERICA CREDIT CARD Bill Payment
LBills & Utilities:Credit Card Payment
^
D1/22'24
U-39.97
T-39.97
C*
PNot Your Average
LFood & Dining:Restaurants
^
D1/22'24
U-9.63
T-9.63
C*
PSheraton
LTravel:Hotel
^
D2/13'24
U-20.97
T-20.97
C*
PCredit Card Payment
MBANK OF AMERICA CREDIT CARD Bill Payment
LBills & Utilities:Credit Card Payment
^
D2/13'24
U-12.00
T-12.00
C*
PAccount Maintenance Fee
MMonthly Maintenance Fee
LFees & Charges:Bank Fee
^
D3/13'24
U-148.90
T-148.90
C*
PCredit Card Payment
MBANK OF AMERICA CREDIT CARD Bill Payment
LBills & Utilities:Credit Card Payment
^
D3/14'24
U-12.00
T-12.00
C*
PAccount Maintenance Fee
MMonthly Maintenance Fee
LFees & Charges:Bank Fee
^
D4/15'24
U-12.00
T-12.00
C*
PAccount Maintenance Fee
MMonthly Maintenance Fee
LFees & Charges:Bank Fee
^
D4/15'24
U-99.88
T-99.88
C*
PCredit Card Payment
MBANK OF AMERICA CREDIT CARD Bill Payment
LBills & Utilities:Credit Card Payment
^
D5/13'24
U-166.91
T-166.91
C*
PCredit Card Payment
MBANK OF AMERICA CREDIT CARD Bill Payment
LBills & Utilities:Credit Card Payment
^
D5/15'24
U-12.00
T-12.00
C*
PAccount Maintenance Fee
MMonthly Maintenance Fee
LFees & Charges:Bank Fee
^
D6/12'24
U-12.00
T-12.00
C*
PAccount Maintenance Fee
MMonthly Maintenance Fee
LFees & Charges:Bank Fee
^
D6/13'24
U-63.92
T-63.92
C*
PCredit Card Payment
MBANK OF AMERICA CREDIT CARD Bill Payment
LBills & Utilities:Credit Card Payment
^
D7/15'24
U-45.95
T-45.95
C*
PCredit Card Payment
MBANK OF AMERICA CREDIT CARD Bill Payment
LBills & Utilities:Credit Card Payment
^
D7/16'24
U-12.00
T-12.00
C*
PAccount Maintenance Fee
MMonthly Maintenance Fee
LFees & Charges:Bank Fee
^
D8/15'24
U-12.00
T-12.00
C*
PAccount Maintenance Fee
MMonthly Maintenance Fee
LFees & Charges:Bank Fee
^
D9/13'24
U-12.00
T-12.00
C*
PAccount Maintenance Fee
MMonthly Maintenance Fee
LFees & Charges:Bank Fee
^
D10/15'24
U-143.99
T-143.99
C*
PCredit Card Payment
MBANK OF AMERICA CREDIT CARD Bill Payment
LBills & Utilities:Credit Card Payment
^
D10/16'24
U-12.00
T-12.00
C*
PAccount Maintenance Fee
MMonthly Maintenance Fee
LFees & Charges:Bank Fee
^
D11/13'24
U-12.00
T-12.00
C*
PAccount Maintenance Fee
MMonthly Maintenance Fee
LFees & Charges:Bank Fee
^
D11/13'24
U-9.99
T-9.99
C*
PCredit Card Payment
MBANK OF AMERICA CREDIT CARD Bill Payment
LBills & Utilities:Credit Card Payment
^
D11/13'24
U-10.00
T-10.00
C*
POverdraft Fee
LFees & Charges:Bank Fee
^
D11/15'24
U975.00
T975.00
C*
PWire Type Wire
^
D11/15'24
U-15.00
T-15.00
C*
PWire Transfer Fee
MWire Transfer Fee
LFees & Charges
^
D12/13'24
U-12.00
T-12.00
C*
PAccount Maintenance Fee
MMonthly Maintenance Fee
LFees & Charges:Bank Fee
^
D12/13'24
U-71.88
T-71.88
C*
PCredit Card Payment
MBANK OF AMERICA CREDIT CARD Bill Payment
LBills & Utilities:Credit Card Payment
^
D1/15'25
U-12.00
T-12.00
C*
PAccount Maintenance Fee
MMonthly Maintenance Fee
LFees & Charges:Bank Fee
^
D1/30'25
U4.88
T4.88
C*
PAseltine V Bana
LOther Inc
^
D1/30'25
U-19.99
T-19.99
C*
PApple
LShopping:Electronics & Software
^
D2/12'25
U-12.00
T-12.00
C*
PAccount Maintenance Fee
MMonthly Maintenance Fee
LFees & Charges:Bank Fee
^
D2/13'25
U-3.99
T-3.99
C*
PCredit Card Payment
MBANK OF AMERICA CREDIT CARD Bill Payment
LBills & Utilities:Credit Card Payment
^
D3/14'25
U-12.00
T-12.00
C*
PAccount Maintenance Fee
MMonthly Maintenance Fee
LFees & Charges:Bank Fee
^
D4/14'25
U-79.99
T-79.99
C*
PApple
LShopping:Electronics & Software
^
D4/15'25
U-12.00
T-12.00
C*
PAccount Maintenance Fee
MMonthly Maintenance Fee
LFees & Charges:Bank Fee
^
D4/21'25
U-19.99
T-19.99
C*
PApple
LShopping:Electronics & Software
^
D5/14'25
U-12.00
T-12.00
C*
PAccount Maintenance Fee
MMonthly Maintenance Fee
LFees & Charges:Bank Fee
^
D6/12'25
U-12.00
T-12.00
C*
PAccount Maintenance Fee
MMonthly Maintenance Fee
LFees & Charges:Bank Fee
^
D6/30'25
U-3.99
T-3.99
C*
PApple
LShopping:Electronics & Software
^
D7/16'25
U-12.00
T-12.00
C*
PAccount Maintenance Fee
MMonthly Maintenance Fee
LFees & Charges:Bank Fee
^
D8/14'25
U-12.00
T-12.00
C*
PAccount Maintenance Fee
MMonthly Maintenance Fee
LFees & Charges:Bank Fee
^
!Account
NCareem
TBank
^
!Type:Bank 
D1/16'17
U0.00
T0.00
CX
POpening Balance
L[Careem]
^
D1/16'17
U150,000.00
T150,000.00
PTransfer To Careem (7891)
L[HSBC UAE $]/Transfer
^
D3/ 6'19
U150,000.00
T150,000.00
PCareem - Adjust
L[Careem]
^
D3/25'19
U77,204.00
T77,204.00
PCareem - Adjust
L[Careem]
^
D2/29'20
U-175,068.00
T-175,068.00
PTransfer From Careem
L[ENBD $]/Transfer
^
D5/ 9'20
U-97,300.00
T-97,300.00
PTransfer From Careem
L[ENBD $]/Transfer
^
D4/ 9'22
U-57,229.00
T-57,229.00
PTransfer From Careem
L[ENBD $]/Transfer
^
!Account
NCS
TBank
^
!Type:Bank 
D4/20'22
U1,000.00
T1,000.00
PTransfer To CS
L[ENBD $]/Transfer
^
D4/20'22
U-25.00
T-25.00
PBanking Fee
LBanking Fees/Exp
^
D5/ 3'22
U0.00
T0.00
CX
POpening Balance
L[CS]
^
D5/ 9'22
U500,000.00
T500,000.00
PTransfer To CS
L[ENBD $]/Transfer
^
D5/ 9'22
U-50.00
T-50.00
PBanking Fee
LBanking Fees/Exp
^
D5/30'22
U1,000,000.00
T1,000,000.00
PTransfer To CS
L[ENBD $]/Transfer
^
D5/31'22
U-50.00
T-50.00
PBanking Fee
LBanking Fees/Exp
^
D7/ 1'22
U600,000.00
T600,000.00
PTransfer To CS
L[ENBD $]/Transfer
^
D7/ 1'22
U-50.00
T-50.00
PBanking Fee
LBanking Fees/Exp
^
D8/16'22
U9,868.00
T9,868.00
PCS - Adjust
L[CS]/Investment
^
D10/ 1'22
U-68,500.00
T-68,500.00
PCS - Adjust
L[CS]/Investment
^
D11/24'22
U400,000.00
T400,000.00
PTransfer To CS
L[ENBD $]/Transfer
^
D1/31'23
U48,969.00
T48,969.00
PCS - Adjust
L[CS]/Investment
^
D3/11'23
U-53,130.00
T-53,130.00
PCS - Adjust
L[CS]/Investment
^
D5/24'23
U200,000.00
T200,000.00
PTransfer To CS
L[ENBD $]/Transfer
^
D6/ 5'23
U11,483.00
T11,483.00
PCS - Adjust
L[CS]/Investment
^
D6/20'23
U-200,000.00
T-200,000.00
PTransfer To ENBD
L[ENBD $]/Transfer
^
D7/24'23
U38,277.00
T38,277.00
PCS - Adjust
L[CS]/Investment
^
D8/ 1'23
U100,000.00
T100,000.00
PTransfer To CS
L[ENBD $]/Transfer
^
D9/ 4'23
U55,901.00
T55,901.00
PCS - Adjust
L[CS]/Investment
^
D12/21'23
U83,069.00
T83,069.00
PCS - Adjust
L[CS]/Investment
^
D12/21'23
U100,000.00
T100,000.00
PTransfer To CS
L[ENBD]/Transfer
^
D2/12'24
U7,726.00
T7,726.00
PCS - Adjust
L[CS]/Investment
^
D2/28'24
U100,000.00
T100,000.00
PTransfer To CS
L[ENBD $]/Transfer
^
D6/ 3'24
U74,680.00
T74,680.00
PCS - Adjust
L[CS]/Investment
^
D8/ 1'24
U3,200,000.00
T3,200,000.00
PTransfer To CS
L[ENBD]/Transfer
^
D1/18'25
U123,752.00
T123,752.00
PCS - Adjust
L[CS]/Investment
^
D1/29'25
U-300,000.00
T-300,000.00
PTransfer To ENBD
L[ENBD $]/Transfer
^
D8/16'25
U441,295.00
T441,295.00
PCS - Adjust
L[CS]/Investment
^
!Account
NENBD
TBank
^
!Type:Bank 
D12/10'17
U51,667.00
T51,667.00
NDEP
PMM 2403 - Rent
LProperties/Properties
^
D12/15'17
U-30,000.00
T-30,000.00
PTransfer To Cash
L[Cash AED]/Transfer
^
D12/23'17
U30,000.00
T30,000.00
NDEP
PPanorama - Rent
LProperties/Properties
^
D1/ 7'18
U0.00
T0.00
CX
POpening Balance
L[ENBD]
^
D1/ 7'18
U7,750.00
T7,750.00
PMM 2403 - Security Deposit
L[Deposits]/Properties
^
D2/23'18
U70,000.00
T70,000.00
PPanorama - Rent
LProperties/Properties
^
D5/ 1'18
U300,000.00
T300,000.00
PTransfer To ENBD
L[HSBC UAE]/Transfer
^
D5/ 7'18
U-6,010.00
T-6,010.00
POwn Transfer
L[ENBD $]/Transfer
^
D5/24'18
U80,000.00
T80,000.00
POwn Transfer
L[HSBC UAE]/Transfer
^
D5/24'18
U-435,487.50
T-435,487.50
POwn Transfer
L[ENBD $]/Transfer
^
D5/28'18
U-24,311.44
T-24,311.44
NTXFR
PCC Payment
L[SKYY CC]/Credit Card
^
D5/28'18
U-20,912.94
T-20,912.94
PPersonal Exp - Bill
L[ENBD CC]
^
D6/18'18
U100,000.00
T100,000.00
PTransfer To ENBD
L[HSBC UAE]/Transfer
^
D6/18'18
U-73,500.00
T-73,500.00
NTXFR
PTransfer to Leb
L[SGBL - Checking]/Transfer From Dubai to Leb
^
D6/27'18
U-10,000.00
T-10,000.00
NTXFR
PCC Payment
LBills & Utilities:Credit Card Payment/Credit Card
^
D6/27'18
U-1,915.13
T-1,915.13
NTXFR
PCC Payment
LBills & Utilities:Credit Card Payment/Credit Card
^
D7/ 1'18
U-5,000.00
T-5,000.00
PPersonal Exp - Monthly
LEntertainment/Exp
^
D7/ 5'18
U200,000.00
T200,000.00
PTransfer To ENBD
L[HSBC UAE]/Transfer
^
D7/ 5'18
U-80,000.00
T-80,000.00
NTXFR
PCC Payment
LBills & Utilities:Credit Card Payment/Credit Card
^
D8/ 1'18
U-27,332.14
T-27,332.14
PPersonal Exp - Bill
L[ENBD CC]
^
D8/ 4'18
U280,000.00
T280,000.00
PTransfer To ENBD
L[HSBC UAE]/Transfer
^
D8/ 4'18
U-367,500.00
T-367,500.00
NTXFR
PTransfer to Leb
L[SGBL - Savings]/Transfer
^
D8/ 4'18
U-5,000.00
T-5,000.00
PPersonal Exp - Monthly
LEntertainment/Exp
^
D8/10'18
U51,667.00
T51,667.00
NDEP
PMM 2403 - Rent
LProperties/Properties
^
D8/12'18
U-2,620.09
T-2,620.09
PVacation
LEntertainment/Vacation
^
D8/27'18
U-2,643.47
T-2,643.47
PVacation
LEntertainment/Vacation
^
D9/ 1'18
U-20,000.00
T-20,000.00
PPersonal Exp - Monthly
LEntertainment/Exp
^
D9/ 1'18
U-18,375.00
T-18,375.00
NTXFR
PTransfer to Leb
L[SGBL - Checking]/Transfer
^
D9/ 8'18
U-2,647.78
T-2,647.78
PVacation
LEntertainment/Vacation
^
D9/20'18
U100,000.00
T100,000.00
PTransfer To ENBD
L[HSBC UAE]/Transfer
^
D9/22'18
U-83,933.74
T-83,933.74
PPersonal Exp - Bill
L[ENBD CC]
^
D10/ 1'18
U-1.00
T-1.00
PBanking Fee
LBanking Fees/Exp
^
D10/ 1'18
U-2,667.24
T-2,667.24
PVacation
LEntertainment/Vacation
^
D10/ 1'18
U-8,494.09
T-8,494.09
PPersonal Exp - Bill
L[ENBD CC]
^
D10/ 4'18
U-1,277.97
T-1,277.97
PVacation
LEntertainment/Vacation
^
D10/ 5'18
U-5,000.00
T-5,000.00
PPersonal Exp - Monthly
LEntertainment/Exp
^
D10/ 9'18
U-3,000.00
T-3,000.00
PPersonal Exp - Monthly
LEntertainment/Exp
^
D10/13'18
U-2,000.00
T-2,000.00
PPersonal Exp - Monthly
LEntertainment/Exp
^
D10/19'18
U-5,000.00
T-5,000.00
PPersonal Exp - Monthly
LEntertainment/Exp
^
D10/20'18
U-10,000.00
T-10,000.00
PPersonal Exp - Monthly
LEntertainment/Exp
^
D10/22'18
U20,000.00
T20,000.00
PPanorama - Rent
LProperties/Properties
^
D10/23'18
U-3,150.00
T-3,150.00
PPanorama 605 - Valuation
LProperties/Properties
^
D10/31'18
U403,150.00
T403,150.00
PTransfer To ENBD
L[ENBD $]/Transfer
^
D10/31'18
U-5,677.00
T-5,677.00
PBanking Fee
LProperties/Properties
^
D11/ 1'18
U340,000.00
T340,000.00
PTransfer To ENBD
L[HSBC UAE]/Transfer
^
D11/ 1'18
U32,520.00
T32,520.00
PPanorama 605 - Rent Until End Of Jan
LProperties/Properties
^
D11/ 1'18
U8,000.00
T8,000.00
PPanorama 605 - Security Deposit
L[Deposits]/Properties
^
D11/ 1'18
U-15,000.00
T-15,000.00
PPersonal Exp - Monthly
LEntertainment/Exp
^
D11/ 1'18
U-680,000.00
T-680,000.00
PPanorama 605 - Downpayment
L[Panorama T2-605]/Properties
^
D11/ 1'18
U-27,780.00
T-27,780.00
PPanorama 605 - DLD Registration (40%)
LProperties/Properties
^
D11/ 1'18
U-15,300.00
T-15,300.00
PPanorama 605 - Agent Free (40%)
LProperties/Properties
^
D11/ 1'18
U-8,000.00
T-8,000.00
PPanorama 605 - DLD Registration
LProperties/Properties
^
D11/ 1'18
U-2,000.00
T-2,000.00
PPersonal Exp - Monthly
LEntertainment/Exp
^
D11/ 1'18
U-391.92
T-391.92
PPanorama 605 - Monthly Insurance
LProperties/Properties
^
D11/ 1'18
U-38,465.52
T-38,465.52
PPersonal Exp - Bill
L[ENBD CC]/Credit Card
^
D11/ 2'18
U-2,002.00
T-2,002.00
PPersonal Exp - Monthly
LEntertainment/Exp
^
D11/ 9'18
U-4,352.14
T-4,352.14
PVacation
LEntertainment/Vacation
^
D11/12'18
U-63.24
T-63.24
PPersonal Exp - Monthly
LEntertainment/Exp
^
D11/14'18
U36,650.00
T36,650.00
PTransfer To ENBD
L[ENBD $]/Transfer
^
D11/14'18
U-30,000.00
T-30,000.00
NTXFR
PCC Payment
L[ENBD CC]/Credit Card
^
D11/16'18
U-2,000.00
T-2,000.00
PPersonal Exp - Monthly
LEntertainment/Exp
^
D11/16'18
U-390.00
T-390.00
PPersonal Exp - Monthly
LEntertainment/Exp
^
D11/19'18
U-10,000.00
T-10,000.00
PPersonal Exp - Monthly
LEntertainment/Exp
^
D11/21'18
U-4,002.00
T-4,002.00
NATM
PPersonal Exp - Monthly
LShopping:Clothing/Exp
^
D11/23'18
U73,300.00
T73,300.00
PTransfer To ENBD
L[ENBD $]/Transfer
^
D11/23'18
U-20,000.00
T-20,000.00
NTXFR
PCC Payment
L[ENBD CC]/Credit Card
^
D11/23'18
U-5,000.00
T-5,000.00
PPersonal Exp - Monthly
LEntertainment/Exp
^
D11/26'18
U-8,950.00
T-8,950.00
PClass Hotel Rent
LHome:Mortgage & Rent/Exp
^
D11/28'18
U-6,423.55
T-6,423.55
NSched
PPan T2-605 Loan
L--Split--
S[Pan T2-605 Loan]/Properties
$-2,214.29
SLoan Payment:Interest/Properties
$-3,822.71
S[Pan T2-605 Loan]/Properties
$0.00
SLoan Payment/Properties
$-386.55
^
D12/ 1'18
U-15,000.00
T-15,000.00
PPersonal Exp - Monthly
LEntertainment/Exp
^
D12/ 1'18
U-43,075.22
T-43,075.22
N43075.22
PPersonal Exp - Bill
L[ENBD CC]/Credit Card
^
D12/ 9'18
U-22,000.00
T-22,000.00
PDoris Xmas Gift
LEntertainment/Exp
^
D12/19'18
U73,300.00
T73,300.00
PTransfer To ENBD
L[ENBD $]/Transfer
^
D12/20'18
U-10,000.00
T-10,000.00
PClass Hotel Rent
LHome:Mortgage & Rent/Exp
^
D12/23'18
U15,000.00
T15,000.00
NDEP
PPanorama - Rent
LProperties/Properties
^
D1/ 1'19
U-20,000.00
T-20,000.00
PPersonal Exp - Monthly
LEntertainment/Exp
^
D1/ 1'19
U-38,041.73
T-38,041.73
PPersonal Exp - Bill
L[ENBD CC]/Credit Card
^
D1/ 5'19
U-488.82
T-488.82
PENBD - Pan T2-605 Ins
LProperties/Properties
^
D1/ 5'19
U-6,163.00
T-6,163.00
NSched
PPan T2-605 Loan
L--Split--
S[Pan T2-605 Loan]/Properties
$-1,283.91
SLoan Payment:Interest/Properties
$-4,879.09
S[Pan T2-605 Loan]/Properties
$0.00
SLoan Payment/Properties
$0.00
^
D1/ 9'19
U100,000.00
T100,000.00
PTransfer To ENBD
L[HSBC UAE]/Transfer
^
D1/ 9'19
U5,000.00
T5,000.00
PPanorama 302 - Security Deposit
L[Deposits]/Properties
^
D1/20'19
U-8,500.00
T-8,500.00
PClass Hotel Rent
LHome:Mortgage & Rent/Exp
^
D1/24'19
U150,000.00
T150,000.00
NDEP
PPanorama 605 Rent
LProperties/Properties
^
D1/30'19
U50,000.00
T50,000.00
NDEP
PPanorama - Rent
LProperties/Properties
^
D2/ 1'19
U-90,000.00
T-90,000.00
PPersonal Exp - Bill
L[ENBD CC]/Credit Card
^
D2/ 1'19
U-19,000.00
T-19,000.00
PPersonal Exp - Monthly
LEntertainment/Exp
^
D2/ 1'19
U-6,000.00
T-6,000.00
PPanorama 302 - Security Deposit
L[Deposits]/Properties
^
D2/ 5'19
U-398.40
T-398.40
PENBD - Pan T2-605 Ins
LProperties/Properties
^
D2/10'19
U-6,163.00
T-6,163.00
NSched
PPan T2-605 Loan
L--Split--
S[Pan T2-605 Loan]/Properties
$-2,034.96
SLoan Payment:Interest/Properties
$-4,128.04
^
D2/10'19
U-43,148.97
T-43,148.97
NTXFR
PCC Payment
L[ENBD CC]/Credit Card
^
D2/10'19
U-11,346.00
T-11,346.00
P23 Marina - Service
LProperties/Properties
^
D2/12'19
U-10,500.00
T-10,500.00
PMeadows - Deposit
L[Deposits]/Properties
^
D2/13'19
U-52,500.00
T-52,500.00
PMeadows Rent
LRent & Lease/Properties
^
D2/14'19
U-11,025.00
T-11,025.00
PMeadows - Espace Commission
LProperties/Properties
^
D3/ 1'19
U-15,000.00
T-15,000.00
PPersonal Exp - Monthly
LEntertainment/Exp
^
D3/ 1'19
U-47,395.37
T-47,395.37
PPersonal Exp - Bill
L[ENBD CC]/Credit Card
^
D3/ 2'19
U400,000.00
T400,000.00
PTransfer To ENBD
L[HSBC UAE]/Transfer
^
D3/ 5'19
U-359.29
T-359.29
PENBD - Pan T2-605 Ins
LProperties/Properties
^
D3/ 6'19
U-6,156.00
T-6,156.00
NSched
PPan T2-605 Loan
L--Split--
S[Pan T2-605 Loan]/Properties
$-2,305.41
SLoan Payment:Interest/Properties
$-3,850.59
^
D3/ 8'19
U-13,000.00
T-13,000.00
PPersonal Exp - Monthly
LEntertainment/Exp
^
D3/10'19
U6,750.00
T6,750.00
PMM 2304 - Security Deposit
L[Deposits]/Deposit
^
D3/10'19
U33,750.00
T33,750.00
NDEP
PMM 2304 - Rent
LProperties/Properties
^
D3/11'19
U-12,124.82
T-12,124.82
PMM 2304 - Service
LHome:Home Services/Exp
^
D3/11'19
U-43,349.98
T-43,349.98
NTXFR
PCC Payment
L[ENBD CC]/Credit Card
^
D3/19'19
U-16,005.00
T-16,005.00
NATM
PPersonal Exp - Monthly
LEntertainment/Exp
^
D4/ 1'19
U88,334.33
T88,334.33
PRVBD - Salary
LNet Salary/Salary
^
D4/ 1'19
U40,700.00
T40,700.00
PRVBD - Commission
LNet Salary/Salary
^
D4/ 1'19
U-15,000.00
T-15,000.00
PPersonal Exp - Monthly
LEntertainment/Exp
^
D4/ 1'19
U-4,900.00
T-4,900.00
PMaid
LContract Labor:Cleaning Service/Exp
^
D4/ 5'19
U-6,161.00
T-6,161.00
NSched
PPan T2-605 Loan
L--Split--
S[Pan T2-605 Loan]/Properties
$-2,198.87
SLoan Payment:Interest/Properties
$-3,962.13
^
D4/ 5'19
U-397.07
T-397.07
PENBD - Pan T2-605 Ins
LProperties/Properties
^
D4/ 6'19
U-5,000.00
T-5,000.00
NATM
PPersonal Exp - Monthly
LEntertainment/Exp
^
D4/10'19
U50,000.00
T50,000.00
NDEP
PMM 2403 - Rent
LProperties/Properties
^
D4/10'19
U36,000.00
T36,000.00
NDEP
P23 Marina - Rent
LProperties/Properties
^
D4/10'19
U7,200.00
T7,200.00
P23 Marina - Security Deposit
L[Deposits]/Deposit
^
D4/14'19
U-20,000.00
T-20,000.00
NATM
PPersonal Exp - Monthly
LEntertainment/Exp
^
D4/16'19
U-38,766.10
T-38,766.10
PPersonal Exp - Bill
L[ENBD CC]/Credit Card
^
D4/16'19
U-39,524.36
T-39,524.36
NTXFR
PCC Payment
L[ENBD CC]/Credit Card
^
D4/30'19
U-3,150.00
T-3,150.00
PMeadows 5 Valuation
LProperties/Properties
^
D4/30'19
U-5,000.00
T-5,000.00
NATM
PPersonal Exp - Monthly
LEntertainment/Exp
^
D5/ 1'19
U81,667.67
T81,667.67
NDEP
PRVBD - Salary
LNet Salary/Salary
^
D5/ 1'19
U42,900.00
T42,900.00
NDEP
PRVBD - Commission
LNet Salary/Salary
^
D5/ 1'19
U-25,000.00
T-25,000.00
PENBD -> HSBC
L[HSBC UAE]/Transfer
^
D5/ 1'19
U-4,900.00
T-4,900.00
PMaid
LContract Labor:Cleaning Service/Exp
^
D5/ 1'19
U-20,000.00
T-20,000.00
PPersonal Exp - Monthly
LEntertainment/Exp
^
D5/ 4'19
U36,650.00
T36,650.00
PTransfer To AED
L[ENBD $]/Transfer
^
D5/ 5'19
U-383.66
T-383.66
PENBD - Pan T2-605 Ins
LProperties/Properties
^
D5/ 5'19
U-207,990.00
T-207,990.00
PKanoony Investment P1
L[Kanoony]/Transfer
^
D5/ 7'19
U-6,155.00
T-6,155.00
NSched
PPan T2-605 Loan
L--Split--
S[Pan T2-605 Loan]/Properties
$-1,931.63
SLoan Payment:Interest/Properties
$-4,223.37
^
D5/ 8'19
U1,466,000.00
T1,466,000.00
PTransfer To AED
L[ENBD $]/Transfer
^
D5/ 8'19
U-1,560,000.00
T-1,560,000.00
PMeadows 5 Downpayment
LHome/Properties
^
D5/ 8'19
U-68,250.00
T-68,250.00
PMeadows 5 Registration
LProperties/Properties
^
D5/ 8'19
U-32,760.00
T-32,760.00
PMeadows 5 Agent Fee
LProperties/Properties
^
D5/ 8'19
U-63.00
T-63.00
PBanking Fee
LProperties/Properties
^
D5/ 8'19
U-10,000.00
T-10,000.00
PMeadows 5 Registration
LProperties/Properties
^
D5/ 8'19
U-6,511.00
T-6,511.00
PMeadows 5 Mortgage Fee
LProperties/Properties
^
D5/ 9'19
U-1,195.95
T-1,195.95
PENBD - Meadows Ins
LProperties/Properties
^
D5/22'19
U-30,000.00
T-30,000.00
NTXFR
PCC Payment
LBills & Utilities:Credit Card Payment/Credit Card
^
D5/28'19
U128,275.00
T128,275.00
PTransfer To AED
L[ENBD $]/Transfer
^
D5/28'19
U-10,000.00
T-10,000.00
NATM
PPersonal Exp - Monthly
LEntertainment/Exp
^
D6/ 1'19
U0.00
T0.00
NDEP
PRVBD - Commission
LNet Salary/Salary
^
D6/ 1'19
U81,667.67
T81,667.67
NDEP
PRVBD - Salary
LNet Salary/Salary
^
D6/ 1'19
U-25,000.00
T-25,000.00
PENBD -> HSBC
L[HSBC UAE]/Transfer
^
D6/ 1'19
U-16,000.00
T-16,000.00
PPersonal Exp - Monthly
LEntertainment/Exp
^
D6/ 1'19
U-25,085.57
T-25,085.57
NTXFR
PCC Payment
LBills & Utilities:Credit Card Payment/Credit Card
^
D6/ 1'19
U-5,145.00
T-5,145.00
PMaid
LContract Labor:Cleaning Service/Exp
^
D6/ 4'19
U-11,394.03
T-11,394.03
PVegas
LTravel:Vacation/Exp
^
D6/ 5'19
U0.00
T0.00
PPersonal Exp - Bill
LBills & Utilities:Credit Card Payment/Credit Card
^
D6/ 5'19
U-100,000.00
T-100,000.00
PKanoony Investment
L[Kanoony]/Transfer
^
D6/ 5'19
U-11,394.03
T-11,394.03
PVegas
LTravel:Vacation/Exp
^
D6/ 5'19
U-395.80
T-395.80
PENBD - Pan T2-605 Ins
LProperties/Properties
^
D6/ 5'19
U-1,140.25
T-1,140.25
PENBD - Meadows Ins
LProperties/Properties
^
D6/ 5'19
U-14,060.00
T-14,060.00
NSched
PMeadows 5 Loan
L--Split--
S[Meadows 5 Loan]/Properties
$-5,522.66
SHome:Mortgage:Interest/Properties
$-8,537.34
^
D6/ 5'19
U-6,167.00
T-6,167.00
NSched
PPan T2-605 Loan
L--Split--
S[Pan T2-605 Loan]/Properties
$-2,351.23
SLoan Payment:Interest/Properties
$-3,815.77
^
D6/ 6'19
U-15,000.00
T-15,000.00
NTXFR
PCC Payment
LBills & Utilities:Credit Card Payment/Credit Card
^
D6/ 8'19
U-11,393.40
T-11,393.40
PVegas
LTravel:Vacation/Exp
^
D6/10'19
U146,600.00
T146,600.00
PTransfer To AED
L[ENBD $]/Transfer
^
D6/10'19
U-40,000.00
T-40,000.00
NTXFR
PCC Payment
LBills & Utilities:Credit Card Payment/Credit Card
^
D6/13'19
U33,750.00
T33,750.00
NDEP
PMM 2304 - Rent
LProperties/Properties
^
D6/16'19
U-20,000.00
T-20,000.00
PHome Renovation
LHome:Home Improvement/Renovation
^
D6/22'19
U-5,000.00
T-5,000.00
NATM
PPersonal Exp - Monthly
LEntertainment/Exp
^
D6/22'19
U-2.00
T-2.00
PBanking Fee
LBanking Fees/Exp
^
D6/23'19
U-30,000.00
T-30,000.00
NTXFR
PCC Payment
LBills & Utilities:Credit Card Payment/Credit Card
^
D7/ 1'19
U81,667.67
T81,667.67
NDEP
PRVBD - Salary
LNet Salary/Salary
^
D7/ 1'19
U18,445.84
T18,445.84
NDEP
PRVBD - Commission
LNet Salary/Salary
^
D7/ 1'19
U0.00
T0.00
PPersonal Exp - Monthly
LEntertainment/Exp
^
D7/ 1'19
U-25,000.00
T-25,000.00
PENBD -> HSBC
L[HSBC UAE]/Transfer
^
D7/ 1'19
U-5,145.00
T-5,145.00
PMaid
LContract Labor:Cleaning Service/Exp
^
D7/ 3'19
U-25,000.00
T-25,000.00
PHome Renovation
LHome:Home Improvement/Renovation
^
D7/ 4'19
U18,325.00
T18,325.00
PTransfer To AED
L[ENBD $]/Transfer
^
D7/ 5'19
U-100,000.00
T-100,000.00
PKanoony Investment
L[Kanoony]/Transfer
^
D7/ 5'19
U-20,000.00
T-20,000.00
PPersonal Exp - Bill
LBills & Utilities:Credit Card Payment/Credit Card
^
D7/ 5'19
U-1,177.98
T-1,177.98
PENBD - Meadows Ins
LProperties/Properties
^
D7/ 5'19
U-14,168.00
T-14,168.00
NSched
PMeadows 5 Loan
L--Split--
S[Meadows 5 Loan]/Properties
$-3,792.59
SHome:Mortgage:Interest/Properties
$-10,375.41
^
D7/ 5'19
U-382.43
T-382.43
PENBD - Pan T2-605 Ins
LProperties/Properties
^
D7/ 5'19
U-6,119.00
T-6,119.00
NSched
PPan T2-605 Loan
L--Split--
S[Pan T2-605 Loan]/Properties
$-2,152.05
SLoan Payment:Interest/Properties
$-3,966.95
^
D7/10'19
U0.00
T0.00
NDEP
P23 Marina - Rent
LProperties/Properties
^
D7/13'19
U183,250.00
T183,250.00
PTransfer To AED
L[ENBD $]/Transfer
^
D7/13'19
U-84,000.00
T-84,000.00
PHome Renovation
LHome:Home Improvement/Renovation
^
D7/13'19
U-44,964.15
T-44,964.15
NTXFR
PCC Payment
LBills & Utilities:Credit Card Payment/Credit Card
^
D7/16'19
U-25,000.00
T-25,000.00
PHome Renovation
LHome:Home Improvement/Renovation
^
D7/20'19
U-5,000.00
T-5,000.00
NATM
PPersonal Exp - Monthly
LEntertainment/Exp
^
D7/22'19
U-11,055.00
T-11,055.00
PLegal Action 2701
LProfessional Services:Legal Services/Properties
^
D7/24'19
U26,455.49
T26,455.49
NDEP
PRVBD - Travel
LRVBD Travel/RVBD Expenses
^
D7/28'19
U-15,000.00
T-15,000.00
PHome Renovation
LHome:Home Improvement/Renovation
^
D7/30'19
U-39,063.59
T-39,063.59
NTXFR
PCC Payment
LBills & Utilities:Credit Card Payment/Credit Card
^
D8/ 1'19
U81,667.67
T81,667.67
NDEP
PRVBD - Salary
LNet Salary/Salary
^
D8/ 1'19
U140,084.46
T140,084.46
NDEP
PRVBD - Commission
LNet Salary/Salary
^
D8/ 1'19
U50,000.00
T50,000.00
NDEP
PPanorama - Rent
LProperties/Properties
^
D8/ 1'19
U0.00
T0.00
PPersonal Exp - Monthly
LEntertainment/Exp
^
D8/ 1'19
U-25,000.00
T-25,000.00
PENBD -> HSBC
L[HSBC UAE]/Transfer
^
D8/ 1'19
U-3,675.00
T-3,675.00
PMaid
LContract Labor:Cleaning Service/Exp
^
D8/ 1'19
U-941.02
T-941.02
NATM
PPersonal Exp - Monthly
LEntertainment/Exp
^
D8/ 1'19
U-21.00
T-21.00
PBanking Fee
LBanking Fees/Exp
^
D8/ 4'19
U-4,327.13
T-4,327.13
NATM
PPersonal Exp - Monthly
LEntertainment/Exp
^
D8/ 4'19
U-21.00
T-21.00
PBanking Fee
LBanking Fees/Exp
^
D8/ 5'19
U20.00
T20.00
PBanking Fee
LBanking Fees/Exp
^
D8/ 5'19
U0.00
T0.00
PPersonal Exp - Bill
LBills & Utilities:Credit Card Payment/Credit Card
^
D8/ 5'19
U-1,215.69
T-1,215.69
PENBD - Meadows Ins
LProperties/Properties
^
D8/ 5'19
U-14,071.00
T-14,071.00
NSched
PMeadows 5 Loan
L--Split--
S[Meadows 5 Loan]/Properties
$-3,792.59
SHome:Mortgage:Interest/Properties
$-10,278.41
^
D8/ 5'19
U-394.53
T-394.53
PENBD - Pan T2-605 Ins
LProperties/Properties
^
D8/ 5'19
U-6,084.00
T-6,084.00
NSched
PPan T2-605 Loan
L--Split--
S[Pan T2-605 Loan]/Properties
$-2,152.05
SLoan Payment:Interest/Properties
$-3,931.95
^
D8/ 5'19
U-100,000.00
T-100,000.00
PKanoony Investment
L[Kanoony]/Transfer
^
D8/ 5'19
U-4,595.75
T-4,595.75
NATM
PPersonal Exp - Monthly
LEntertainment/Exp
^
D8/ 5'19
U-21.00
T-21.00
PBanking Fee
LBanking Fees/Exp
^
D8/ 6'19
U20.00
T20.00
PBanking Fee
LBanking Fees/Exp
^
D8/ 9'19
U-2,575.02
T-2,575.02
NATM
PPersonal Exp - Monthly
LEntertainment/Exp
^
D8/ 9'19
U-21.00
T-21.00
PBanking Fee
LBanking Fees/Exp
^
D8/10'19
U20.00
T20.00
PBanking Fee
LBanking Fees/Exp
^
D8/10'19
U50,000.00
T50,000.00
NDEP
PMM 2403 - Rent
LProperties/Properties
^
D8/10'19
U-4,277.64
T-4,277.64
NATM
PPersonal Exp - Monthly
LEntertainment/Exp
^
D8/10'19
U-21.00
T-21.00
PBanking Fee
LBanking Fees/Exp
^
D8/11'19
U20.00
T20.00
PBanking Fee
LBanking Fees/Exp
^
D8/12'19
U-4,273.60
T-4,273.60
NATM
PPersonal Exp - Monthly
LEntertainment/Exp
^
D8/12'19
U-21.00
T-21.00
PBanking Fee
LBanking Fees/Exp
^
D8/13'19
U20.00
T20.00
PBanking Fee
LBanking Fees/Exp
^
D8/16'19
U-30,000.00
T-30,000.00
NTXFR
PCC Payment
LBills & Utilities:Credit Card Payment/Credit Card
^
D8/24'19
U6,885.63
T6,885.63
NDEP
PRVBD - Travel
LRVBD Travel/RVBD Expenses
^
D8/25'19
U-15,000.00
T-15,000.00
PHome Renovation
LHome:Home Improvement/Renovation
^
D8/25'19
U-25,000.00
T-25,000.00
NTXFR
PCC Payment
LBills & Utilities:Credit Card Payment/Credit Card
^
D8/25'19
U-15,000.00
T-15,000.00
PHome Renovation
LHome:Home Improvement/Renovation
^
D8/28'19
U-40,000.00
T-40,000.00
NTXFR
PCC Payment
LBills & Utilities:Credit Card Payment/Credit Card
^
D8/28'19
U-2,580.21
T-2,580.21
NATM
PPersonal Exp - Monthly
LEntertainment/Exp
^
D8/28'19
U-21.00
T-21.00
PBanking Fee
LBanking Fees/Exp
^
D8/29'19
U20.00
T20.00
PBanking Fee
LBanking Fees/Exp
^
D8/30'19
U-50,000.00
T-50,000.00
NTXFR
PCC Payment
LBills & Utilities:Credit Card Payment/Credit Card
^
D8/31'19
U73,300.00
T73,300.00
PTransfer To AED
L[ENBD $]/Transfer
^
D8/31'19
U-35,000.00
T-35,000.00
NTXFR
PCC Payment
LBills & Utilities:Credit Card Payment/Credit Card
^
D9/ 1'19
U107,083.34
T107,083.34
NDEP
PRVBD - Salary
LNet Salary/Salary
^
D9/ 1'19
U18,831.54
T18,831.54
NDEP
PRVBD - Commission
LNet Salary/Salary
^
D9/ 1'19
U0.00
T0.00
PPersonal Exp - Monthly
LEntertainment/Exp
^
D9/ 1'19
U-25,000.00
T-25,000.00
PENBD -> HSBC
L[HSBC UAE]/Transfer
^
D9/ 1'19
U-3,675.00
T-3,675.00
PMaid
LContract Labor:Cleaning Service/Exp
^
D9/ 1'19
U-52,500.00
T-52,500.00
PMeadows Rent
LRent & Lease/Properties
^
D9/ 5'19
U-1,214.22
T-1,214.22
PENBD - Meadows Ins
LProperties/Properties
^
D9/ 5'19
U-13,882.00
T-13,882.00
NSched
PMeadows 5 Loan
L--Split--
S[Meadows 5 Loan]/Properties
$-3,792.59
SHome:Mortgage:Interest/Properties
$-10,089.41
^
D9/ 5'19
U-393.91
T-393.91
PENBD - Pan T2-605 Ins
LProperties/Properties
^
D9/ 5'19
U-5,979.00
T-5,979.00
NSched
PPan T2-605 Loan
L--Split--
S[Pan T2-605 Loan]/Properties
$-2,152.05
SLoan Payment:Interest/Properties
$-3,826.95
^
D9/ 5'19
U-20,000.00
T-20,000.00
PPersonal Exp - Bill
LBills & Utilities:Credit Card Payment/Credit Card
^
D9/ 8'19
U-5,000.00
T-5,000.00
NTXFR
PCC Payment
LBills & Utilities:Credit Card Payment/Credit Card
^
D9/ 9'19
U142,935.00
T142,935.00
PTransfer To AED
L[ENBD $]/Transfer
^
D9/ 9'19
U-44,875.00
T-44,875.00
PHome Renovation
LHome:Home Improvement/Renovation
^
D9/ 9'19
U-43,126.59
T-43,126.59
NTXFR
PCC Payment
LBills & Utilities:Credit Card Payment/Credit Card
^
D9/13'19
U33,750.00
T33,750.00
NDEP
PMM 2304 - Rent
LProperties/Properties
^
D9/14'19
U14,995.40
T14,995.40
NDEP
PRVBD - Travel
LRVBD Travel/RVBD Expenses
^
D9/14'19
U-30,000.00
T-30,000.00
NTXFR
PCC Payment
LBills & Utilities:Credit Card Payment/Credit Card
^
D9/19'19
U-80,000.00
T-80,000.00
PHome Renovation
LHome:Home Improvement/Renovation
^
D9/21'19
U27,283.39
T27,283.39
NDEP
PRVBD - Travel
LRVBD Travel/RVBD Expenses
^
D9/22'19
U-30,000.00
T-30,000.00
NTXFR
PCC Payment
LBills & Utilities:Credit Card Payment/Credit Card
^
D9/28'19
U-25,000.00
T-25,000.00
PHome Renovation
LHome:Home Improvement/Renovation
^
D10/ 1'19
U107,083.34
T107,083.34
NDEP
PRVBD - Salary
LNet Salary/Salary
^
D10/ 1'19
U39,175.65
T39,175.65
NDEP
PRVBD - Commission
LNet Salary/Salary
^
D10/ 1'19
U-25,000.00
T-25,000.00
PENBD -> HSBC
L[HSBC UAE]/Transfer
^
D10/ 1'19
U-3,675.00
T-3,675.00
PMaid
LContract Labor:Cleaning Service/Exp
^
D10/ 1'19
U-23,500.00
T-23,500.00
PPersonal Exp - Monthly
LEntertainment/Exp
^
D10/ 2'19
U10,500.00
T10,500.00
PMeadows - Deposit
L[Deposits]/Deposit
^
D10/ 2'19
U10,000.00
T10,000.00
PMeadows 3 Early Move
LRent & Lease/Properties
^
D10/ 5'19
U27,702.96
T27,702.96
NDEP
PRVBD - Travel
LRVBD Travel/RVBD Expenses
^
D10/ 5'19
U-1,173.60
T-1,173.60
PENBD - Meadows Ins
LProperties/Properties
^
D10/ 5'19
U-13,682.00
T-13,682.00
NSched
PMeadows 5 Loan
L--Split--
S[Meadows 5 Loan]/Properties
$-9,315.26
SHome:Mortgage:Interest/Properties
$-4,366.74
^
D10/ 5'19
U-380.61
T-380.61
PENBD - Pan T2-605 Ins
LProperties/Properties
^
D10/ 5'19
U-5,922.00
T-5,922.00
NSched
PPan T2-605 Loan
L--Split--
S[Pan T2-605 Loan]/Properties
$-2,152.05
SLoan Payment:Interest/Properties
$-3,769.95
^
D10/ 5'19
U-25,000.00
T-25,000.00
PPersonal Exp - Bill
LBills & Utilities:Credit Card Payment/Credit Card
^
D10/ 5'19
U-25,000.00
T-25,000.00
PHome Renovation
LHome:Home Improvement/Renovation
^
D10/ 7'19
U-23,268.55
T-23,268.55
NTXFR
PCC Payment
LBills & Utilities:Credit Card Payment/Credit Card
^
D10/12'19
U-20,000.00
T-20,000.00
PHome Renovation
LHome:Home Improvement/Renovation
^
D10/15'19
U73,300.00
T73,300.00
PTransfer To AED
L[ENBD $]/Transfer
^
D10/15'19
U-40,000.00
T-40,000.00
NTXFR
PCC Payment
LBills & Utilities:Credit Card Payment/Credit Card
^
D10/20'19
U-20,000.00
T-20,000.00
NTXFR
PCC Payment
L[ENBD CC]/Credit Card
^
D10/21'19
U-3,821.21
T-3,821.21
PVacation
LEntertainment/Vacation
^
D10/22'19
U36,650.00
T36,650.00
PTransfer To AED
L[ENBD $]/Transfer
^
D10/22'19
U-20,000.00
T-20,000.00
NTXFR
PCC Payment
L[ENBD CC]/Credit Card
^
D10/23'19
U-3,847.70
T-3,847.70
PVacation
LEntertainment/Vacation
^
D10/24'19
U3,652.41
T3,652.41
NDEP
PRVBD - Travel
LRVBD Travel/RVBD Expenses
^
D10/28'19
U-5,000.00
T-5,000.00
NATM
PPersonal Exp - Monthly
LEntertainment/Exp
^
D10/29'19
U-20,000.00
T-20,000.00
NATM
PPersonal Exp - Monthly
LEntertainment/Exp
^
D10/31'19
U-40,137.26
T-40,137.26
PCC Payment
LBills & Utilities:Credit Card Payment/Credit Card
^
D11/ 1'19
U107,083.34
T107,083.34
NDEP
PRVBD - Salary
LNet Salary/Salary
^
D11/ 1'19
U78,826.45
T78,826.45
NDEP
PRVBD - Commission
LNet Salary/Salary
^
D11/ 1'19
U-15,000.00
T-15,000.00
PPersonal Exp - Doris
LEntertainment/Exp
^
D11/ 1'19
U-25,000.00
T-25,000.00
PENBD -> HSBC
L[HSBC UAE]/Transfer
^
D11/ 1'19
U-3,675.00
T-3,675.00
PMaid
LContract Labor:Cleaning Service/Exp
^
D11/ 2'19
U-5,000.00
T-5,000.00
NATM
PPersonal Exp - Monthly
LEntertainment/Exp
^
D11/ 5'19
U0.00
T0.00
PPersonal Exp - Bill
LBills & Utilities:Credit Card Payment/Credit Card
^
D11/ 5'19
U-1,211.09
T-1,211.09
PENBD - Meadows Ins
LProperties/Properties
^
D11/ 5'19
U-392.62
T-392.62
PENBD - Pan T2-605 Ins
LProperties/Properties
^
D11/ 5'19
U-13,561.00
T-13,561.00
NSched
PMeadows 5 Loan
L--Split--
S[Meadows 5 Loan]/Properties
$-5,234.18
SHome:Mortgage:Interest/Properties
$-8,326.82
^
D11/ 5'19
U-5,836.00
T-5,836.00
NSched
PPan T2-605 Loan
L--Split--
S[Pan T2-605 Loan]/Properties
$-2,160.23
SLoan Payment:Interest/Properties
$-3,675.77
^
D11/ 8'19
U-5,000.00
T-5,000.00
NATM
PPersonal Exp - Monthly
LEntertainment/Exp
^
D11/10'19
U-15,000.00
T-15,000.00
NATM
PPersonal Exp - Monthly
LEntertainment/Exp
^
D11/13'19
U-20,000.00
T-20,000.00
PCC Payment
LBills & Utilities:Credit Card Payment/Credit Card
^
D11/14'19
U5,390.71
T5,390.71
NDEP
PRVBD - Travel
LRVBD Travel/RVBD Expenses
^
D11/17'19
U-20,000.00
T-20,000.00
PCC Payment
LBills & Utilities:Credit Card Payment/Credit Card
^
D11/23'19
U13,735.10
T13,735.10
NDEP
PRVBD - Travel
LRVBD Travel/RVBD Expenses
^
D11/23'19
U-30,000.00
T-30,000.00
NATM
PPersonal Exp - Monthly
LEntertainment/Exp
^
D11/27'19
U-1,978.28
T-1,978.28
PVacation
LEntertainment/Vacation
^
D11/30'19
U-90,000.00
T-90,000.00
PHome Renovation
LHome:Home Improvement/Renovation
^
D11/30'19
U-20,000.00
T-20,000.00
PCC Payment
LBills & Utilities:Credit Card Payment/Credit Card
^
D12/ 1'19
U107,083.34
T107,083.34
NDEP
PRVBD - Salary
LNet Salary/Salary
^
D12/ 1'19
U60,637.83
T60,637.83
NDEP
PRVBD - Commission
LNet Salary/Salary
^
D12/ 1'19
U-25,000.00
T-25,000.00
PENBD -> HSBC
L[HSBC UAE]/Transfer
^
D12/ 1'19
U-3,675.00
T-3,675.00
PMaid
LContract Labor:Cleaning Service/Exp
^
D12/ 5'19
U0.00
T0.00
PPersonal Exp - Bill
LBills & Utilities:Credit Card Payment/Credit Card
^
D12/ 5'19
U-1,170.51
T-1,170.51
PENBD - Meadows Ins
LProperties/Properties
^
D12/ 5'19
U-379.33
T-379.33
PENBD - Pan T2-605 Ins
LProperties/Properties
^
D12/ 5'19
U-13,286.00
T-13,286.00
NSched
PMeadows 5 Loan
L--Split--
S[Meadows 5 Loan]/Properties
$-5,234.19
SHome:Mortgage:Interest/Properties
$-8,051.81
^
D12/ 5'19
U-5,758.00
T-5,758.00
NSched
PPan T2-605 Loan
L--Split--
S[Pan T2-605 Loan]/Properties
$-2,160.24
SLoan Payment:Interest/Properties
$-3,597.76
^
D12/ 6'19
U-10,000.00
T-10,000.00
NATM
PPersonal Exp - Monthly
LEntertainment/Exp
^
D12/14'19
U9,248.80
T9,248.80
NDEP
PRVBD - Travel
LRVBD Travel/RVBD Expenses
^
D12/15'19
U46,666.00
T46,666.00
NDEP
PMM 2403 - Rent
LProperties/Properties
^
D12/16'19
U33,750.00
T33,750.00
NDEP
PMM 2304 - Rent
LProperties/Properties
^
D12/16'19
U-25,000.00
T-25,000.00
PPersonal Exp - Doris
LEntertainment/Exp
^
D12/16'19
U-31,493.35
T-31,493.35
PCC Payment
LBills & Utilities:Credit Card Payment/Credit Card
^
D12/19'19
U-25,949.22
T-25,949.22
PCC Payment
LBills & Utilities:Credit Card Payment/Credit Card
^
D12/19'19
U-15,000.00
T-15,000.00
NATM
PPersonal Exp - Monthly
LEntertainment/Exp
^
D12/23'19
U-55,000.00
T-55,000.00
PTransfer To Cash
L[Cash $]/Transfer
^
D1/ 1'20
U107,083.34
T107,083.34
NDEP
PRVBD - Salary
LNet Salary/Salary
^
D1/ 1'20
U76,140.39
T76,140.39
NDEP
PRVBD - Commission
LNet Salary/Salary
^
D1/ 1'20
U-25,000.00
T-25,000.00
PENBD -> HSBC
L[HSBC UAE]/Transfer
^
D1/ 1'20
U-20,000.00
T-20,000.00
PPersonal Exp - Doris
LEntertainment/Exp
^
D1/ 1'20
U-3,675.00
T-3,675.00
PMaid
LContract Labor:Cleaning Service/Exp
^
D1/ 3'20
U-5,000.00
T-5,000.00
NATM
PPersonal Exp - Monthly
LEntertainment/Exp
^
D1/ 4'20
U13,021.43
T13,021.43
NDEP
PRVBD - Travel
LRVBD Travel/RVBD Expenses
^
D1/ 4'20
U6,625.00
T6,625.00
P23 Marina - Security Deposit
L[Deposits]/Deposit
^
D1/ 5'20
U-13,130.00
T-13,130.00
NSched
PMeadows 5 Loan
L--Split--
S[Meadows 5 Loan]/Properties
$-6,075.47
SHome:Mortgage:Interest/Properties
$-7,054.53
^
D1/ 5'20
U-5,798.00
T-5,798.00
NSched
PPan T2-605 Loan
L--Split--
S[Pan T2-605 Loan]/Properties
$-2,606.50
SLoan Payment:Interest/Properties
$-3,191.50
^
D1/ 5'20
U-1,204.54
T-1,204.54
PENBD - Meadows Ins
LProperties/Properties
^
D1/ 5'20
U-390.20
T-390.20
PENBD - Pan T2-605 Ins
LProperties/Properties
^
D1/ 5'20
U-42,204.83
T-42,204.83
PPersonal Exp - Bill
L[ENBD CC]/Credit Card
^
D1/ 8'20
U-5,000.00
T-5,000.00
NATM
PPersonal Exp - Monthly
LEntertainment/Exp
^
D1/11'20
U132,500.00
T132,500.00
NDEP
P23 Marina - Rent
LProperties/Properties
^
D1/19'20
U-30,000.00
T-30,000.00
PGeorge Hospital
LParents/Parents
^
D1/21'20
U-3,823.90
T-3,823.90
PVacation
LEntertainment/Vacation
^
D1/23'20
U-21,107.95
T-21,107.95
PCC Payment
LBills & Utilities:Credit Card Payment/Credit Card
^
D1/25'20
U135,000.00
T135,000.00
NDEP
PPanorama 605 Rent
LProperties/Properties
^
D1/26'20
U-102,230.00
T-102,230.00
PHome Renovation
LHome:Home Improvement/Renovation
^
D1/26'20
U-15,000.00
T-15,000.00
NATM
PPersonal Exp - Monthly
LEntertainment/Exp
^
D1/28'20
U-86,849.56
T-86,849.56
NTXFR
PCC Payment
L[ENBD CC]/Credit Card
^
D1/28'20
U-10,000.00
T-10,000.00
NATM
PPersonal Exp - Monthly
LEntertainment/Exp
^
D1/29'20
U-125,000.00
T-125,000.00
PKanoony Investment P3
L[Kanoony]/Transfer
^
D2/ 1'20
U107,083.34
T107,083.34
NDEP
PRVBD - Salary
LNet Salary/Salary
^
D2/ 1'20
U161,637.46
T161,637.46
NDEP
PRVBD - Commission
LNet Salary/Salary
^
D2/ 1'20
U50,000.00
T50,000.00
NDEP
PPanorama - Rent
LProperties/Properties
^
D2/ 1'20
U-25,000.00
T-25,000.00
PENBD -> HSBC
L[HSBC UAE]/Transfer
^
D2/ 1'20
U-3,675.00
T-3,675.00
PMaid
LContract Labor:Cleaning Service/Exp
^
D2/ 1'20
U-24,000.00
T-24,000.00
PPersonal Exp - Doris
LEntertainment/Exp
^
D2/ 5'20
U0.00
T0.00
PPersonal Exp - Bill
LBills & Utilities:Credit Card Payment/Credit Card
^
D2/ 5'20
U-5,730.00
T-5,730.00
NSched
PPan T2-605 Loan
L--Split--
S[Pan T2-605 Loan]/Properties
$-2,413.68
SLoan Payment:Interest/Properties
$-3,316.32
^
D2/ 5'20
U-13,234.00
T-13,234.00
NSched
PMeadows 5 Loan
L--Split--
S[Meadows 5 Loan]/Properties
$-5,835.38
SHome:Mortgage:Interest/Properties
$-7,398.62
^
D2/ 5'20
U-389.49
T-389.49
PENBD - Pan T2-605 Ins
LProperties/Properties
^
D2/ 5'20
U-1,202.88
T-1,202.88
PENBD - Meadows Ins
LProperties/Properties
^
D2/ 8'20
U-15,000.00
T-15,000.00
NATM
PPersonal Exp - Monthly
LShopping:Clothing/Exp
^
D2/12'20
U-23,147.15
T-23,147.15
NTXFR
PCC Payment
L[ENBD CC]/Credit Card
^
D2/12'20
U-10,000.00
T-10,000.00
NATM
PPersonal Exp - Monthly
LEntertainment/Exp
^
D2/15'20
U-10,000.00
T-10,000.00
NATM
PPersonal Exp - Monthly
LEntertainment/Exp
^
D2/17'20
U-15,000.00
T-15,000.00
NATM
PPersonal Exp - Monthly
LEntertainment/Exp
^
D2/17'20
U-3,300.00
T-3,300.00
NATM
PPersonal Exp - Monthly
LEntertainment/Exp
^
D2/19'20
U-10,000.00
T-10,000.00
NATM
PPersonal Exp - Monthly
LEntertainment/Exp
^
D2/23'20
U-20,000.00
T-20,000.00
NATM
PPersonal Exp - Monthly
LEntertainment/Exp
^
D2/25'20
U-30,545.20
T-30,545.20
PHome Renovation
LHome:Home Improvement/Renovation
^
D2/27'20
U-26,659.80
T-26,659.80
NTXFR
PCC Payment
L[ENBD CC]/Credit Card
^
D2/29'20
U-129,145.00
T-129,145.00
PKanoony Investment P4
L[Kanoony]/Transfer
^
D3/ 1'20
U107,083.34
T107,083.34
NDEP
PRVBD - Salary
LNet Salary/Salary
^
D3/ 1'20
U293,749.37
T293,749.37
NDEP
PRVBD - Commission
LNet Salary/Salary
^
D3/ 1'20
U-22,000.00
T-22,000.00
PPersonal Exp - Doris
LEntertainment/Exp
^
D3/ 1'20
U-3,675.00
T-3,675.00
PMaid
LContract Labor:Cleaning Service/Exp
^
D3/ 1'20
U-25,000.00
T-25,000.00
PENBD -> HSBC
L[HSBC UAE]/Transfer
^
D3/ 5'20
U6,001.69
T6,001.69
NDEP
PRVBD - Travel
LRVBD Travel/RVBD Expenses
^
D3/ 5'20
U0.00
T0.00
PPersonal Exp - Bill
LBills & Utilities:Credit Card Payment/Credit Card
^
D3/ 5'20
U-5,642.00
T-5,642.00
NSched
PPan T2-605 Loan
L--Split--
S[Pan T2-605 Loan]/Properties
$-2,413.91
SLoan Payment:Interest/Properties
$-3,228.09
^
D3/ 5'20
U-13,132.00
T-13,132.00
NSched
PMeadows 5 Loan
L--Split--
S[Meadows 5 Loan]/Properties
$-5,835.38
SHome:Mortgage:Interest/Properties
$-7,296.62
^
D3/ 5'20
U-363.73
T-363.73
PENBD - Pan T2-605 Ins
LProperties/Properties
^
D3/ 5'20
U-1,123.73
T-1,123.73
PENBD - Meadows Ins
LProperties/Properties
^
D3/ 6'20
U-33,905.03
T-33,905.03
NTXFR
PCC Payment
L[ENBD CC]/Credit Card
^
D3/13'20
U33,750.00
T33,750.00
NDEP
PMM 2304 - Rent
LProperties/Properties
^
D3/16'20
U-25,000.00
T-25,000.00
NATM
PPersonal Exp - Monthly
LEntertainment/Exp
^
D3/19'20
U-25,000.00
T-25,000.00
NATM
PHome Renovation
LHome:Home Improvement/Renovation
^
D3/21'20
U-10,000.00
T-10,000.00
PDoris Mother's Day
LGifts & Donations:Gift/Exp
^
D3/21'20
U-29,177.25
T-29,177.25
PCC Payment
LBills & Utilities:Credit Card Payment/Credit Card
^
D3/24'20
U0.00
T0.00
NDEP
PRVBD - Travel
LRVBD Travel/RVBD Expenses
^
D4/ 1'20
U0.00
T0.00
NDEP
PRVBD - Commission
LNet Salary/Salary
^
D4/ 1'20
U147,708.33
T147,708.33
NDEP
PRVBD - Salary
LNet Salary/Salary
^
D4/ 1'20
U0.00
T0.00
PDIA - Katie
LEducation:Tuition/School
^
D4/ 1'20
U0.00
T0.00
PDIA - Kevin
LEducation:Tuition/School
^
D4/ 1'20
U-25,000.00
T-25,000.00
PENBD -> HSBC
L[HSBC UAE]/Transfer
^
D4/ 1'20
U-3,675.00
T-3,675.00
PMaid
LContract Labor:Cleaning Service/Exp
^
D4/ 1'20
U-15,000.00
T-15,000.00
PPersonal Exp - Doris
LEntertainment/Exp
^
D4/ 4'20
U-56,555.84
T-56,555.84
NTXFR
PCC Payment
L[ENBD CC]/Credit Card
^
D4/ 5'20
U-12,710.00
T-12,710.00
NSched
PMeadows 5 Loan
L--Split--
S[Meadows 5 Loan]/Properties
$-6,094.08
SHome:Mortgage:Interest/Properties
$-6,615.92
^
D4/ 5'20
U-1,199.42
T-1,199.42
PENBD - Meadows Ins
LProperties/Properties
^
D4/ 5'20
U-5,385.00
T-5,385.00
NSched
PPan T2-605 Loan
L--Split--
S[Pan T2-605 Loan]/Properties
$-2,402.57
SLoan Payment:Interest/Properties
$-2,982.43
^
D4/ 5'20
U-388.06
T-388.06
PENBD - Pan T2-605 Ins
LProperties/Properties
^
D4/13'20
U46,666.00
T46,666.00
NDEP
PMM 2403 - Rent
LProperties/Properties
^
D4/13'20
U-735.00
T-735.00
PMM 2304 - Maintenance
LRepairs & Maintenance/Properties
^
D4/23'20
U-20,769.92
T-20,769.92
PPersonal Exp - Bill
LBills & Utilities:Credit Card Payment/Credit Card
^
D4/24'20
U23,673.97
T23,673.97
NDEP
PRVBD - Travel
LRVBD Travel/RVBD Expenses
^
D4/28'20
U-1,000.00
T-1,000.00
PCharity - Axio
LGifts & Donations:Charity/Exp
^
D5/ 1'20
U153,169.15
T153,169.15
NDEP
PRVBD - Salary
LNet Salary/Salary
^
D5/ 1'20
U16,530.27
T16,530.27
NDEP
PRVBD - Commission
LNet Salary/Salary
^
D5/ 1'20
U-5,000.00
T-5,000.00
PENBD -> HSBC
L[HSBC UAE]/Transfer
^
D5/ 1'20
U-3,675.00
T-3,675.00
PMaid
LContract Labor:Cleaning Service/Exp
^
D5/ 1'20
U-15,000.00
T-15,000.00
PPersonal Exp - Doris
LEntertainment/Exp
^
D5/ 4'20
U0.00
T0.00
PKatie Birthday
^
D5/ 5'20
U-12,263.00
T-12,263.00
NSched
PMeadows 5 Loan
L--Split--
S[Meadows 5 Loan]/Properties
$-6,094.07
SHome:Mortgage:Interest/Properties
$-6,168.93
^
D5/ 5'20
U-1,159.05
T-1,159.05
PENBD - Meadows Ins
LProperties/Properties
^
D5/ 5'20
U-5,160.00
T-5,160.00
NSched
PPan T2-605 Loan
L--Split--
S[Pan T2-605 Loan]/Properties
$-2,402.57
SLoan Payment:Interest/Properties
$-2,757.43
^
D5/ 5'20
U-374.89
T-374.89
PENBD - Pan T2-605 Ins
LProperties/Properties
^
D5/ 5'20
U-34,139.45
T-34,139.45
PPersonal Exp - Bill
LBills & Utilities:Credit Card Payment/Credit Card
^
D5/16'20
U-36,926.31
T-36,926.31
PCC Payment
LBills & Utilities:Credit Card Payment/Credit Card
^
D5/24'20
U-37,000.00
T-37,000.00
PTransfer To Cash
L[Cash $]/Transfer
^
D5/28'20
U1,142.63
T1,142.63
NDEP
PRVBD - Travel
LRVBD Travel/RVBD Expenses
^
D5/31'20
U-500.00
T-500.00
PCharity
LGifts & Donations:Charity/Exp
^
D5/31'20
U-350.00
T-350.00
PMM 2304 - Maintenance
LRepairs & Maintenance/Properties
^
D6/ 1'20
U312,045.25
T312,045.25
NDEP
PRVBD - Salary
LNet Salary/Salary
^
D6/ 1'20
U26,815.25
T26,815.25
NDEP
PRVBD - Commission
LNet Salary/Salary
^
D6/ 1'20
U-16,500.00
T-16,500.00
PPersonal Exp - Doris
LEntertainment/Exp
^
D6/ 1'20
U-25,000.00
T-25,000.00
PENBD -> HSBC
L[HSBC UAE]/Transfer
^
D6/ 1'20
U-3,675.00
T-3,675.00
PMaid
LContract Labor:Cleaning Service/Exp
^
D6/ 5'20
U0.00
T0.00
PPersonal Exp - Bill
LBills & Utilities:Credit Card Payment/Credit Card
^
D6/ 5'20
U-1,195.81
T-1,195.81
PENBD - Meadows Ins
LProperties/Properties
^
D6/ 5'20
U-386.63
T-386.63
PENBD - Pan T2-605 Ins
LProperties/Properties
^
D6/ 5'20
U-11,814.00
T-11,814.00
NSched
PMeadows 5 Loan
L--Split--
S[Meadows 5 Loan]
$-6,883.08
SHome:Mortgage:Interest
$-4,930.92
^
D6/ 5'20
U-4,960.00
T-4,960.00
NSched
PPan T2-605 Loan
L--Split--
S[Pan T2-605 Loan]/Properties
$-2,592.09
SLoan Payment:Interest/Properties
$-2,367.91
^
D6/ 9'20
U-31,736.37
T-31,736.37
NTXFR
PCC Payment
LBills & Utilities:Credit Card Payment/Credit Card
^
D6/24'20
U0.00
T0.00
NDEP
PRVBD - Travel
LRVBD Travel/RVBD Expenses
^
D6/25'20
U-40,000.00
T-40,000.00
PTransfer To HSBC UAE
L[HSBC UAE]/Transfer
^
D6/30'20
U30,000.00
T30,000.00
NDEP
PMM 2304 - Rent
LProperties/Properties
^
D6/30'20
U-62,023.95
T-62,023.95
NTXFR
PCC Payment
LBills & Utilities:Credit Card Payment/Credit Card
^
D7/ 1'20
U127,701.98
T127,701.98
NDEP
PRVBD - Salary
LNet Salary/Salary
^
D7/ 1'20
U23,479.01
T23,479.01
NDEP
PRVBD - Commission
LNet Salary/Salary
^
D7/ 1'20
U-25,000.00
T-25,000.00
PENBD -> HSBC
L[HSBC UAE]/Transfer
^
D7/ 1'20
U-3,675.00
T-3,675.00
PMaid
LContract Labor:Cleaning Service/Exp
^
D7/ 1'20
U-15,000.00
T-15,000.00
PPersonal Exp - Doris
LEntertainment/Exp
^
D7/ 5'20
U0.00
T0.00
PPersonal Exp - Bill
LBills & Utilities:Credit Card Payment/Credit Card
^
D7/ 5'20
U-11,424.00
T-11,424.00
NSched
PMeadows 5 Loan
L--Split--
S[Meadows 5 Loan]
$-6,883.08
SHome:Mortgage:Interest
$-4,540.92
^
D7/ 5'20
U-4,987.00
T-4,987.00
NSched
PPan T2-605 Loan
L--Split--
S[Pan T2-605 Loan]/Properties
$-2,592.08
SLoan Payment:Interest/Properties
$-2,394.92
^
D7/ 5'20
U-1,155.38
T-1,155.38
PENBD - Meadows Ins
LProperties/Properties
^
D7/ 5'20
U-373.41
T-373.41
PENBD - Pan T2-605 Ins
LProperties/Properties
^
D7/10'20
U-10,000.00
T-10,000.00
NATM
PPersonal Exp - Monthly
LEntertainment/Exp
^
D7/24'20
U0.00
T0.00
NDEP
PRVBD - Travel
LRVBD Travel/RVBD Expenses
^
D7/27'20
U-47,640.50
T-47,640.50
NTXFR
PCC Payment
LBills & Utilities:Credit Card Payment/Credit Card
^
D7/27'20
U-530,000.00
T-530,000.00
PFerrari Portofino Payment
L[Portofino]/Car
^
D7/29'20
U-10,852.05
T-10,852.05
P23 Marina - Service
LProperties/Properties
^
D7/29'20
U-10,852.05
T-10,852.05
P23 Marina - Service
LProperties/Properties
^
D8/ 1'20
U140,435.57
T140,435.57
NDEP
PRVBD - Salary
LNet Salary/Salary
^
D8/ 1'20
U122,742.48
T122,742.48
NDEP
PRVBD - Commission
LNet Salary/Salary
^
D8/ 1'20
U25,000.00
T25,000.00
NDEP
PPanorama - Rent
LProperties/Properties
^
D8/ 1'20
U-25,000.00
T-25,000.00
PENBD -> HSBC
L[HSBC UAE]/Transfer
^
D8/ 1'20
U-3,675.00
T-3,675.00
PMaid
LContract Labor:Cleaning Service/Exp
^
D8/ 1'20
U-25,000.00
T-25,000.00
PPersonal Exp - Doris
LEntertainment/Exp
^
D8/ 5'20
U0.00
T0.00
PPersonal Exp - Bill
LBills & Utilities:Credit Card Payment/Credit Card
^
D8/ 5'20
U-11,378.00
T-11,378.00
NSched
PMeadows 5 Loan
L--Split--
S[Meadows 5 Loan]
$-6,883.08
SHome:Mortgage:Interest
$-4,494.92
^
D8/ 5'20
U-4,911.00
T-4,911.00
NSched
PPan T2-605 Loan
L--Split--
S[Pan T2-605 Loan]/Properties
$-2,592.08
SLoan Payment:Interest/Properties
$-2,318.92
^
D8/ 5'20
U-1,191.85
T-1,191.85
PENBD - Meadows Ins
LProperties/Properties
^
D8/ 5'20
U-384.96
T-384.96
PENBD - Pan T2-605 Ins
LProperties/Properties
^
D8/ 5'20
U-39,881.52
T-39,881.52
NTXFR
PCC Payment
LBills & Utilities:Credit Card Payment/Credit Card
^
D8/17'20
U30,000.00
T30,000.00
PTransfer To ENBD
L[HSBC UAE]/Transfer
^
D8/18'20
U-37,000.00
T-37,000.00
PTransfer To Cash
L[Cash $]/Transfer
^
D8/24'20
U0.00
T0.00
NDEP
PRVBD - Travel
LRVBD Travel/RVBD Expenses
^
D8/29'20
U-44,799.41
T-44,799.41
NTXFR
PCC Payment
LBills & Utilities:Credit Card Payment/Credit Card
^
D9/ 1'20
U140,435.57
T140,435.57
NDEP
PRVBD - Salary
LNet Salary/Salary
^
D9/ 1'20
U27,404.83
T27,404.83
NDEP
PRVBD - Commission
LNet Salary/Salary
^
D9/ 1'20
U-25,000.00
T-25,000.00
PENBD -> HSBC
L[HSBC UAE]/Transfer
^
D9/ 1'20
U-3,675.00
T-3,675.00
PMaid
LContract Labor:Cleaning Service/Exp
^
D9/ 1'20
U-5.20
T-5.20
PBanking Fee
LBanking Fees/Exp
^
D9/ 1'20
U-15,000.00
T-15,000.00
PPersonal Exp - Doris
LEntertainment/Exp
^
D9/ 3'20
U-56,170.84
T-56,170.84
NTXFR
PCC Payment
LBills & Utilities:Credit Card Payment/Credit Card
^
D9/ 5'20
U0.00
T0.00
PPersonal Exp - Bill
LBills & Utilities:Credit Card Payment/Credit Card
^
D9/ 5'20
U-11,228.00
T-11,228.00
NSched
PMeadows 5 Loan
L--Split--
S[Meadows 5 Loan]
$-6,883.08
SHome:Mortgage:Interest
$-4,344.92
^
D9/ 5'20
U-4,896.00
T-4,896.00
NSched
PPan T2-605 Loan
L--Split--
S[Pan T2-605 Loan]/Properties
$-2,592.08
SLoan Payment:Interest/Properties
$-2,303.92
^
D9/ 5'20
U-384.11
T-384.11
PENBD - Pan T2-605 Ins
LProperties/Properties
^
D9/ 5'20
U-1,189.81
T-1,189.81
PENBD - Meadows Ins
LProperties/Properties
^
D9/13'20
U33,750.00
T33,750.00
NDEP
PMM 2304 - Rent
LProperties/Properties
^
D9/16'20
U-21,237.88
T-21,237.88
NTXFR
PCC Payment
LBills & Utilities:Credit Card Payment/Credit Card
^
D9/24'20
U0.00
T0.00
NDEP
PRVBD - Travel
LRVBD Travel/RVBD Expenses
^
D9/26'20
U-50,000.00
T-50,000.00
NTXFR
PCC Payment
LBills & Utilities:Credit Card Payment/Credit Card
^
D10/ 1'20
U140,435.57
T140,435.57
NDEP
PRVBD - Salary
LNet Salary/Salary
^
D10/ 1'20
U30,597.36
T30,597.36
NDEP
PRVBD - Commission
LNet Salary/Salary
^
D10/ 1'20
U-25,000.00
T-25,000.00
PENBD -> HSBC
L[HSBC UAE]/Transfer
^
D10/ 1'20
U-16,000.00
T-16,000.00
PPersonal Exp - Doris
LEntertainment/Exp
^
D10/ 1'20
U-5.20
T-5.20
PBanking Fee
LBanking Fees/Exp
^
D10/ 1'20
U-3,675.00
T-3,675.00
PMaid
LContract Labor:Cleaning Service/Exp
^
D10/ 5'20
U0.00
T0.00
PPersonal Exp - Bill
LBills & Utilities:Credit Card Payment/Credit Card
^
D10/ 5'20
U-11,240.00
T-11,240.00
NSched
PMeadows 5 Loan
L--Split--
S[Meadows 5 Loan]
$-6,883.08
SHome:Mortgage:Interest
$-4,356.92
^
D10/ 5'20
U-4,887.00
T-4,887.00
NSched
PPan T2-605 Loan
L--Split--
S[Pan T2-605 Loan]/Properties
$-2,592.08
SLoan Payment:Interest/Properties
$-2,294.92
^
D10/ 5'20
U-1,149.41
T-1,149.41
PENBD - Meadows Ins
LProperties/Properties
^
D10/ 5'20
U-370.87
T-370.87
PENBD - Pan T2-605 Ins
LProperties/Properties
^
D10/14'20
U-54,172.00
T-54,172.00
NTXFR
PCC Payment
LBills & Utilities:Credit Card Payment/Credit Card
^
D10/22'20
U5,807.98
T5,807.98
NDEP
PRVBD - Travel
LRVBD Travel/RVBD Expenses
^
D10/27'20
U-8,532.44
T-8,532.44
PMM 2403 - Sondos
LProperties/Properties
^
D10/28'20
U-30,000.00
T-30,000.00
PTransfer To HSBC UAE
L[HSBC UAE]/Transfer
^
D10/28'20
U-39,124.28
T-39,124.28
NTXFR
PCC Payment
LBills & Utilities:Credit Card Payment/Credit Card
^
D10/28'20
U-10,852.05
T-10,852.05
P23 Marina - Service
LProperties/Properties
^
D10/28'20
U-10,852.05
T-10,852.05
P23 Marina - Service
LProperties/Properties
^
D10/28'20
U-10,000.00
T-10,000.00
NATM
PPersonal Exp - Monthly
LEntertainment/Exp
^
D10/28'20
U-3.00
T-3.00
PBanking Fee
LBanking Fees/Exp
^
D11/ 1'20
U153,169.15
T153,169.15
NDEP
PRVBD - Salary
LNet Salary/Salary
^
D11/ 1'20
U71,468.92
T71,468.92
NDEP
PRVBD - Commission
LNet Salary/Salary
^
D11/ 1'20
U-15,000.00
T-15,000.00
PPersonal Exp - Doris
LEntertainment/Exp
^
D11/ 1'20
U-25,000.00
T-25,000.00
PENBD -> HSBC
L[HSBC UAE]/Transfer
^
D11/ 1'20
U-3,675.00
T-3,675.00
PMaid
LContract Labor:Cleaning Service/Exp
^
D11/ 1'20
U-1.00
T-1.00
PBanking Fee
LBanking Fees/Exp
^
D11/ 5'20
U-11,171.00
T-11,171.00
NSched
PMeadows 5 Loan
L--Split--
S[Meadows 5 Loan]
$-7,160.82
SHome:Mortgage:Interest
$-4,010.18
^
D11/ 5'20
U-4,872.00
T-4,872.00
NSched
PPan T2-605 Loan
L--Split--
S[Pan T2-605 Loan]/Properties
$-3,830.56
SLoan Payment:Interest/Properties
$-1,041.44
^
D11/ 5'20
U-1,185.61
T-1,185.61
PENBD - Meadows Ins
LProperties/Properties
^
D11/ 5'20
U-382.33
T-382.33
PENBD - Pan T2-605 Ins
LProperties/Properties
^
D11/ 8'20
U25,000.00
T25,000.00
NDEP
PPanorama - Rent
LProperties/Properties
^
D11/12'20
U-8,000.00
T-8,000.00
PPersonal Exp - Doris
LEntertainment/Exp
^
D11/23'20
U-53,926.43
T-53,926.43
PPersonal Exp - Bill
LBills & Utilities:Credit Card Payment/Credit Card
^
D11/24'20
U0.00
T0.00
NDEP
PRVBD - Travel
LRVBD Travel/RVBD Expenses
^
D12/ 1'20
U153,169.15
T153,169.15
NDEP
PRVBD - Salary
LNet Salary/Salary
^
D12/ 1'20
U31,138.10
T31,138.10
NDEP
PRVBD - Commission
LNet Salary/Salary
^
D12/ 1'20
U-25,000.00
T-25,000.00
PENBD -> HSBC
L[HSBC UAE]/Transfer
^
D12/ 1'20
U-20,000.00
T-20,000.00
PPersonal Exp - Doris
LEntertainment/Exp
^
D12/ 1'20
U-1.00
T-1.00
PBanking Fee
LBanking Fees/Exp
^
D12/ 1'20
U-3,675.00
T-3,675.00
PMaid
LContract Labor:Cleaning Service/Exp
^
D12/ 4'20
U510.00
T510.00
PMena Payment (Liz Gift)
LEntertainment/Exp
^
D12/ 5'20
U-11,148.00
T-11,148.00
NSched
PMeadows 5 Loan
L--Split--
S[Meadows 5 Loan]
$-7,160.82
SHome:Mortgage:Interest
$-3,987.18
^
D12/ 5'20
U-1,145.32
T-1,145.32
PENBD - Meadows Ins
LProperties/Properties
^
D12/ 5'20
U-369.13
T-369.13
PENBD - Pan T2-605 Ins
LProperties/Properties
^
D12/ 5'20
U-4,872.00
T-4,872.00
NSched
PPan T2-605 Loan
L--Split--
S[Pan T2-605 Loan]/Properties
$-3,830.55
SLoan Payment:Interest/Properties
$-1,041.45
^
D12/ 7'20
U-36,485.10
T-36,485.10
PPersonal Exp - Bill
LBills & Utilities:Credit Card Payment/Credit Card
^
D12/10'20
U42,000.00
T42,000.00
NDEP
PMM 2403 - Rent
LProperties/Properties
^
D12/13'20
U33,750.00
T33,750.00
NDEP
PMM 2304 - Rent
LProperties/Properties
^
D12/19'20
U-5,000.00
T-5,000.00
P23 Marina - Security Deposit
L[Deposits]/Deposit
^
D12/24'20
U0.00
T0.00
NDEP
PRVBD - Travel
LRVBD Travel/RVBD Expenses
^
D1/ 1'21
U153,169.15
T153,169.15
NDEP
PRVBD - Salary
LNet Salary/Salary
^
D1/ 1'21
U50,681.87
T50,681.87
NDEP
PRVBD - Commission
LNet Salary/Salary
^
D1/ 1'21
U-20,000.00
T-20,000.00
PPersonal Exp - Doris
LEntertainment/Exp
^
D1/ 1'21
U-51,111.35
T-51,111.35
PPersonal Exp - Bill
LBills & Utilities:Credit Card Payment/Credit Card
^
D1/ 1'21
U-25,000.00
T-25,000.00
PENBD -> HSBC
L[HSBC UAE]/Transfer
^
D1/ 1'21
U-1.00
T-1.00
PBanking Fee
LBanking Fees/Exp
^
D1/ 1'21
U-4,673.00
T-4,673.00
PMaid
LContract Labor:Cleaning Service/Exp
^
D1/ 5'21
U-1,184.59
T-1,184.59
PENBD - Meadows Ins
LProperties/Properties
^
D1/ 5'21
U-381.57
T-381.57
PENBD - Pan T2-605 Ins
LProperties/Properties
^
D1/ 5'21
U-11,193.00
T-11,193.00
NSched
PMeadows 5 Loan
L--Split--
S[Meadows 5 Loan]
$-7,103.10
SHome:Mortgage:Interest
$-4,089.90
^
D1/ 5'21
U-4,882.00
T-4,882.00
NSched
PPan T2-605 Loan
L--Split--
S[Pan T2-605 Loan]/Properties
$-3,040.68
SLoan Payment:Interest/Properties
$-1,841.32
^
D1/ 7'21
U-52,067.55
T-52,067.55
NTXFR
PCC Payment
LBills & Utilities:Credit Card Payment/Credit Card
^
D1/14'21
U-5,000.00
T-5,000.00
PPersonal Exp - Doris
LEntertainment/Exp
^
D1/24'21
U115,000.00
T115,000.00
NDEP
PPanorama 605 Rent
LProperties/Properties
^
D1/27'21
U140,000.00
T140,000.00
PTransfer To ENBD
L[HSBC UAE]/Transfer
^
D1/28'21
U3,461.22
T3,461.22
NDEP
PRVBD - Travel
LRVBD Travel/RVBD Expenses
^
D2/ 1'21
U352,622.26
T352,622.26
NDEP
PRetention Bonus
LNet Salary/Salary
^
D2/ 1'21
U153,169.15
T153,169.15
NDEP
PRVBD - Salary
LNet Salary/Salary
^
D2/ 1'21
U110,068.25
T110,068.25
NDEP
PRVBD - Commission
LNet Salary/Salary
^
D2/ 1'21
U-56,001.64
T-56,001.64
PPersonal Exp - Bill
LBills & Utilities:Credit Card Payment/Credit Card
^
D2/ 1'21
U-15,000.00
T-15,000.00
PPersonal Exp - Doris
LEntertainment/Exp
^
D2/ 1'21
U-25,000.00
T-25,000.00
PENBD -> HSBC
L[HSBC UAE]/Transfer
^
D2/ 1'21
U-1.00
T-1.00
PBanking Fee
LBanking Fees/Exp
^
D2/ 1'21
U-4,673.00
T-4,673.00
PMaid
LContract Labor:Cleaning Service/Exp
^
D2/ 1'21
U-1,100.00
T-1,100.00
P23 Marina Maintenance
LProperties/Properties
^
D2/ 4'21
U-294.00
T-294.00
P23 Marina Maintenance
LProperties/Properties
^
D2/ 5'21
U-380.67
T-380.67
PENBD - Pan T2-605 Ins
LProperties/Properties
^
D2/ 5'21
U-1,182.48
T-1,182.48
PENBD - Meadows Ins
LProperties/Properties
^
D2/ 5'21
U-11,193.00
T-11,193.00
NSched
PMeadows 5 Loan
L--Split--
S[Meadows 5 Loan]
$-7,107.62
SHome:Mortgage:Interest
$-4,085.38
^
D2/ 5'21
U-4,872.00
T-4,872.00
NSched
PPan T2-605 Loan
L--Split--
S[Pan T2-605 Loan]/Properties
$-3,024.45
SLoan Payment:Interest/Properties
$-1,847.55
^
D2/ 9'21
U-5,000.00
T-5,000.00
PPersonal Exp - Doris
LEntertainment/Exp
^
D2/24'21
U0.00
T0.00
NDEP
PRVBD - Travel
LRVBD Travel/RVBD Expenses
^
D2/25'21
U8,532.44
T8,532.44
PENBD Adjustment New Mismatch
LMisc./Misc
^
D2/25'21
U-39,150.00
T-39,150.00
PCredit Card Payment
LBills & Utilities:Credit Card Payment
^
D3/ 1'21
U153,169.15
T153,169.15
NDEP
PRVBD - Salary
LNet Salary/Salary
^
D3/ 1'21
U35,384.72
T35,384.72
NDEP
PRVBD - Commission
LNet Salary/Salary
^
D3/ 1'21
U-25,000.00
T-25,000.00
PENBD -> HSBC
L[HSBC UAE]/Transfer
^
D3/ 1'21
U-1.00
T-1.00
PBanking Fee
LBanking Fees/Exp
^
D3/ 1'21
U-4,673.00
T-4,673.00
PMaid
LContract Labor:Cleaning Service/Exp
^
D3/ 1'21
U-20,000.00
T-20,000.00
PPersonal Exp - Doris
LEntertainment/Exp
^
D3/ 3'21
U-2,625.00
T-2,625.00
PMM2403 - Maintenance
LProperties/Properties
^
D3/ 5'21
U0.00
T0.00
PPersonal Exp - Bill
LBills & Utilities:Credit Card Payment/Credit Card
^
D3/ 5'21
U-1,066.14
T-1,066.14
PENBD - Meadows Ins
LProperties/Properties
^
D3/ 5'21
U-343.01
T-343.01
PENBD - Pan T2-605 Ins
LProperties/Properties
^
D3/ 5'21
U-4,863.00
T-4,863.00
NSched
PPan T2-605 Loan
L--Split--
S[Pan T2-605 Loan]/Properties
$-3,215.05
SLoan Payment:Interest/Properties
$-1,647.95
^
D3/ 5'21
U-11,172.00
T-11,172.00
NSched
PMeadows 5 Loan
L--Split--
S[Meadows 5 Loan]
$-7,525.31
SHome:Mortgage:Interest
$-3,646.69
^
D3/ 8'21
U-9,163.77
T-9,163.77
NTXFR
PCC Payment
LBills & Utilities:Credit Card Payment/Credit Card
^
D3/13'21
U27,500.00
T27,500.00
NDEP
PMM 2304 - Rent
LProperties/Properties
^
D3/24'21
U0.00
T0.00
NDEP
PRVBD - Travel
LRVBD Travel/RVBD Expenses
^
D3/25'21
U-20,000.00
T-20,000.00
PENBD -> HSBC
L[HSBC UAE]/Transfer
^
D3/25'21
U-43,087.31
T-43,087.31
NTXFR
PCC Payment
LBills & Utilities:Credit Card Payment/Credit Card
^
D4/ 1'21
U34,282.72
T34,282.72
NDEP
PRVBD - Commission
LNet Salary/Salary
^
D4/ 1'21
U184,532.12
T184,532.12
NDEP
PTrue Up
LNet Salary/Salary
^
D4/ 1'21
U153,445.15
T153,445.15
NDEP
PRVBD - Salary
LNet Salary/Salary
^
D4/ 1'21
U-20,000.00
T-20,000.00
PPersonal Exp - Doris
LEntertainment/Exp
^
D4/ 1'21
U-25,000.00
T-25,000.00
PENBD -> HSBC
L[HSBC UAE]/Transfer
^
D4/ 1'21
U-4,673.00
T-4,673.00
PMaid
LContract Labor:Cleaning Service/Exp
^
D4/ 1'21
U-1.00
T-1.00
PBanking Fee
LBanking Fees/Exp
^
D4/ 1'21
U-8,447.49
T-8,447.49
PPersonal Exp - Bill
LBills & Utilities:Credit Card Payment/Credit Card
^
D4/ 2'21
U-1,085.00
T-1,085.00
P23 Marina Maintenance
LProperties/Properties
^
D4/ 5'21
U-11,125.00
T-11,125.00
NSched
PMeadows 5 Loan
L--Split--
S[Meadows 5 Loan]
$-7,244.16
SHome:Mortgage:Interest
$-3,880.84
^
D4/ 5'21
U-4,857.00
T-4,857.00
NSched
PPan T2-605 Loan
L--Split--
S[Pan T2-605 Loan]/Properties
$-3,088.96
SLoan Payment:Interest/Properties
$-1,768.04
^
D4/ 5'21
U-1,178.13
T-1,178.13
PENBD - Meadows Ins
LProperties/Properties
^
D4/ 5'21
U-378.81
T-378.81
PENBD - Pan T2-605 Ins
LProperties/Properties
^
D4/ 5'21
U-55,353.81
T-55,353.81
NTXFR
PCC Payment
LBills & Utilities:Credit Card Payment/Credit Card
^
D4/10'21
U42,000.00
T42,000.00
NDEP
PMM 2403 - Rent
LProperties/Properties
^
D4/26'21
U-38,876.50
T-38,876.50
PPersonal Exp - Bill
LBills & Utilities:Credit Card Payment/Credit Card
^
D5/ 1'21
U459,143.80
T459,143.80
NDEP
PIncentive 2021
LNet Salary/Salary
^
D5/ 1'21
U203,401.87
T203,401.87
NDEP
PRVBD - Commission
LNet Salary/Salary
^
D5/ 1'21
U153,445.15
T153,445.15
NDEP
PRVBD - Salary
LNet Salary/Salary
^
D5/ 1'21
U6,152.05
T6,152.05
NDEP
PRVBD - Travel
LRVBD Travel/RVBD Expenses
^
D5/ 1'21
U-20,550.00
T-20,550.00
PPersonal Exp - Doris
LEntertainment/Exp
^
D5/ 1'21
U-25,000.00
T-25,000.00
PENBD -> HSBC
L[HSBC UAE]/Transfer
^
D5/ 1'21
U-1.00
T-1.00
PBanking Fee
LBanking Fees/Exp
^
D5/ 1'21
U-4,673.00
T-4,673.00
PMaid
LContract Labor:Cleaning Service/Exp
^
D5/ 4'21
U0.00
T0.00
PKatie Birthday
^
D5/ 5'21
U-11,148.00
T-11,148.00
NSched
PMeadows 5 Loan
L--Split--
S[Meadows 5 Loan]
$-7,244.16
SHome:Mortgage:Interest
$-3,903.84
^
D5/ 5'21
U-4,857.00
T-4,857.00
NSched
PPan T2-605 Loan
L--Split--
S[Pan T2-605 Loan]/Properties
$-3,088.95
SLoan Payment:Interest/Properties
$-1,768.05
^
D5/ 5'21
U-365.71
T-365.71
PENBD - Pan T2-605 Ins
LProperties/Properties
^
D5/ 5'21
U-1,138.07
T-1,138.07
PENBD - Meadows Ins
LProperties/Properties
^
D5/17'21
U-50,967.78
T-50,967.78
NTXFR
PCC Payment
LBills & Utilities:Credit Card Payment/Credit Card
^
D5/24'21
U0.00
T0.00
NDEP
PRVBD - Travel
LRVBD Travel/RVBD Expenses
^
D5/30'21
U515.00
T515.00
PMena Payment (Sania Gift)
LEntertainment/Exp
^
D6/ 1'21
U153,445.15
T153,445.15
NDEP
PRVBD - Salary
LNet Salary/Salary
^
D6/ 1'21
U16,403.03
T16,403.03
NDEP
PRVBD - Commission
LNet Salary/Salary
^
D6/ 1'21
U0.00
T0.00
PMaid
LContract Labor:Cleaning Service/Exp
^
D6/ 1'21
U-20,000.00
T-20,000.00
PPersonal Exp - Doris
LEntertainment/Exp
^
D6/ 1'21
U-25,000.00
T-25,000.00
PENBD -> HSBC
L[HSBC UAE]/Transfer
^
D6/ 1'21
U-1.00
T-1.00
PBanking Fee
LBanking Fees/Exp
^
D6/ 2'21
U-10,679.00
T-10,679.00
PMaid
LContract Labor:Cleaning Service/Exp
^
D6/ 2'21
U-179.00
T-179.00
PMaid
LContract Labor:Cleaning Service/Exp
^
D6/ 5'21
U-12,772.10
T-12,772.10
PPersonal Exp - Bill
LBills & Utilities:Credit Card Payment/Credit Card
^
D6/ 5'21
U-1,173.83
T-1,173.83
PENBD - Meadows Ins
LProperties/Properties
^
D6/ 5'21
U-376.97
T-376.97
PENBD - Pan T2-605 Ins
LProperties/Properties
^
D6/ 5'21
U-11,148.00
T-11,148.00
NSched
PMeadows 5 Loan
L--Split--
S[Meadows 5 Loan]
$-7,252.28
SHome:Mortgage:Interest
$-3,895.72
^
D6/ 5'21
U-4,857.00
T-4,857.00
NSched
PPan T2-605 Loan
L--Split--
S[Pan T2-605 Loan]/Properties
$-3,097.76
SLoan Payment:Interest/Properties
$-1,759.24
^
D6/ 8'21
U-10,318.34
T-10,318.34
P23 Marina - Service
LProperties/Properties
^
D6/12'21
U-51,204.80
T-51,204.80
NTXFR
PCC Payment
LBills & Utilities:Credit Card Payment/Credit Card
^
D6/12'21
U-20,000.00
T-20,000.00
PPersonal Exp - Monthly
LEntertainment/Exp
^
D6/13'21
U27,500.00
T27,500.00
NDEP
PMM 2304 - Rent
LProperties/Properties
^
D6/14'21
U-10,000.00
T-10,000.00
PPersonal Exp - Monthly
LEntertainment/Exp
^
D6/21'21
U-25,000.00
T-25,000.00
PPersonal Exp - Monthly
LEntertainment/Exp
^
D6/22'21
U-62,359.50
T-62,359.50
NTXFR
PCC Payment
LBills & Utilities:Credit Card Payment/Credit Card
^
D6/24'21
U0.00
T0.00
NDEP
PRVBD - Travel
LRVBD Travel/RVBD Expenses
^
D7/ 1'21
U153,445.15
T153,445.15
NDEP
PRVBD - Salary
LNet Salary/Salary
^
D7/ 1'21
U24,639.62
T24,639.62
NDEP
PRVBD - Commission
LNet Salary/Salary
^
D7/ 1'21
U-20,000.00
T-20,000.00
PPersonal Exp - Doris
LEntertainment/Exp
^
D7/ 1'21
U-25,000.00
T-25,000.00
PENBD -> HSBC
L[HSBC UAE]/Transfer
^
D7/ 1'21
U-1.00
T-1.00
PBanking Fee
LBanking Fees/Exp
^
D7/ 1'21
U-1,179.00
T-1,179.00
PMaid
LContract Labor:Cleaning Service/Exp
^
D7/ 1'21
U-25,000.00
T-25,000.00
PPersonal Exp - Monthly
LEntertainment/Exp
^
D7/ 2'21
U-25,000.00
T-25,000.00
PPersonal Exp - Monthly
LEntertainment/Exp
^
D7/ 2'21
U-10,000.00
T-10,000.00
PTransfer To HSBC UAE
L[HSBC UAE]/Transfer
^
D7/ 5'21
U-11,126.00
T-11,126.00
NSched
PMeadows 5 Loan
L--Split--
S[Meadows 5 Loan]
$-7,252.29
SHome:Mortgage:Interest
$-3,873.71
^
D7/ 5'21
U-4,857.00
T-4,857.00
NSched
PPan T2-605 Loan
L--Split--
S[Pan T2-605 Loan]/Properties
$-3,097.77
SLoan Payment:Interest/Properties
$-1,759.23
^
D7/ 5'21
U-64,215.52
T-64,215.52
PPersonal Exp - Bill
LBills & Utilities:Credit Card Payment/Credit Card
^
D7/ 5'21
U-363.93
T-363.93
PENBD - Pan T2-605 Ins
LProperties/Properties
^
D7/ 5'21
U-1,133.90
T-1,133.90
PENBD - Meadows Ins
LProperties/Properties
^
D7/12'21
U-25,000.00
T-25,000.00
PPersonal Exp - Monthly
LEntertainment/Exp
^
D7/18'21
U-40,445.39
T-40,445.39
NTXFR
PCC Payment
LBills & Utilities:Credit Card Payment/Credit Card
^
D7/24'21
U0.00
T0.00
NDEP
PRVBD - Travel
LRVBD Travel/RVBD Expenses
^
D7/27'21
U-34,207.59
T-34,207.59
PVacation
LEntertainment/Vacation
^
D8/ 1'21
U352,622.26
T352,622.26
NDEP
PRetention Bonus
LNet Salary/Salary
^
D8/ 1'21
U153,445.15
T153,445.15
NDEP
PRVBD - Salary
LNet Salary/Salary
^
D8/ 1'21
U94,104.71
T94,104.71
NDEP
PRVBD - Commission
LNet Salary/Salary
^
D8/ 1'21
U-25,000.00
T-25,000.00
PENBD -> HSBC
L[HSBC UAE]/Transfer
^
D8/ 1'21
U-1.00
T-1.00
PBanking Fee
LBanking Fees/Exp
^
D8/ 1'21
U-1,179.00
T-1,179.00
PMaid
LContract Labor:Cleaning Service/Exp
^
D8/ 1'21
U-10,000.00
T-10,000.00
PPersonal Exp - Doris
LEntertainment/Exp
^
D8/ 2'21
U-25,000.00
T-25,000.00
PPersonal Exp - Monthly
LEntertainment/Exp
^
D8/ 5'21
U-11,148.00
T-11,148.00
NSched
PMeadows 5 Loan
L--Split--
S[Meadows 5 Loan]
$-7,252.29
SHome:Mortgage:Interest
$-3,895.71
^
D8/ 5'21
U-4,862.00
T-4,862.00
NSched
PPan T2-605 Loan
L--Split--
S[Pan T2-605 Loan]/Properties
$-3,097.77
SLoan Payment:Interest/Properties
$-1,764.23
^
D8/ 5'21
U-1,169.50
T-1,169.50
PENBD - Meadows Ins
LProperties/Properties
^
D8/ 5'21
U-375.13
T-375.13
PENBD - Pan T2-605 Ins
LProperties/Properties
^
D8/ 5'21
U-63,504.79
T-63,504.79
PPersonal Exp - Bill
LBills & Utilities:Credit Card Payment/Credit Card
^
D8/ 5'21
U-25,000.00
T-25,000.00
PPersonal Exp - Monthly
LEntertainment/Exp
^
D8/17'21
U-25,000.00
T-25,000.00
PPersonal Exp - Monthly
LEntertainment/Exp
^
D8/18'21
U41,000.00
T41,000.00
NDEP
PMM 2403 - Rent
LProperties/Properties
^
D8/20'21
U-10,318.34
T-10,318.34
P23 Marina - Service
LProperties/Properties
^
D8/21'21
U-66,285.07
T-66,285.07
NTXFR
PCC Payment
L[ENBD CC]/Credit Card
^
D8/24'21
U0.00
T0.00
NDEP
PRVBD - Travel
LRVBD Travel/RVBD Expenses
^
D9/ 1'21
U153,445.15
T153,445.15
NDEP
PRVBD - Salary
LNet Salary/Salary
^
D9/ 1'21
U15,537.03
T15,537.03
NDEP
PRVBD - Commission
LNet Salary/Salary
^
D9/ 1'21
U-25,000.00
T-25,000.00
PENBD -> HSBC
L[HSBC UAE]/Transfer
^
D9/ 1'21
U-20,000.00
T-20,000.00
PPersonal Exp - Doris
LEntertainment/Exp
^
D9/ 1'21
U-1.00
T-1.00
PBanking Fee
LBanking Fees/Exp
^
D9/ 1'21
U-1,179.00
T-1,179.00
PMaid
LContract Labor:Cleaning Service/Exp
^
D9/ 5'21
U-11,137.00
T-11,137.00
NSched
PMeadows 5 Loan
L--Split--
S[Meadows 5 Loan]
$-6,190.58
SHome:Mortgage:Interest
$-4,946.42
^
D9/ 5'21
U-4,857.00
T-4,857.00
NSched
PPan T2-605 Loan
L--Split--
S[Pan T2-605 Loan]/Properties
$-2,605.19
SLoan Payment:Interest/Properties
$-2,251.81
^
D9/ 5'21
U-1,167.36
T-1,167.36
PENBD - Meadows Ins
LProperties/Properties
^
D9/ 5'21
U-374.21
T-374.21
PENBD - Pan T2-605 Ins
LProperties/Properties
^
D9/ 8'21
U-39,657.01
T-39,657.01
PPersonal Exp - Bill
LBills & Utilities:Credit Card Payment/Credit Card
^
D9/ 9'21
U27,500.00
T27,500.00
NDEP
PMM 2304 - Rent
LProperties/Properties
^
D9/24'21
U-26,398.73
T-26,398.73
NTXFR
PCC Payment
L[ENBD CC]/Credit Card
^
D9/24'21
U-11,248.85
T-11,248.85
PVacation
LEntertainment/Vacation
^
D10/ 1'21
U0.00
T0.00
PENBD -> HSBC
L[HSBC UAE]/Transfer
^
D10/ 1'21
U275,625.00
T275,625.00
NDEP
PRetention Bonus
LNet Salary/Salary
^
D10/ 1'21
U153,445.15
T153,445.15
NDEP
PRVBD - Salary
LNet Salary/Salary
^
D10/ 1'21
U17,739.66
T17,739.66
NDEP
PRVBD - Commission
LNet Salary/Salary
^
D10/ 1'21
U-20,000.00
T-20,000.00
PPersonal Exp - Doris
LEntertainment/Exp
^
D10/ 1'21
U-1,679.00
T-1,679.00
PMaid
LContract Labor:Cleaning Service/Exp
^
D10/ 4'21
U4,472.90
T4,472.90
NDEP
PRVBD - Travel
LRVBD Travel/RVBD Expenses
^
D10/ 5'21
U0.00
T0.00
PPersonal Exp - Bill
LBills & Utilities:Credit Card Payment/Credit Card
^
D10/ 5'21
U-11,137.00
T-11,137.00
NSched
PMeadows 5 Loan
L--Split--
S[Meadows 5 Loan]
$-6,190.58
SHome:Mortgage:Interest
$-4,946.42
^
D10/ 5'21
U-4,862.00
T-4,862.00
NSched
PPan T2-605 Loan
L--Split--
S[Pan T2-605 Loan]/Properties
$-2,605.20
SLoan Payment:Interest/Properties
$-2,256.80
^
D10/ 5'21
U-1,127.62
T-1,127.62
PENBD - Meadows Ins
LProperties/Properties
^
D10/ 5'21
U-361.25
T-361.25
PENBD - Pan T2-605 Ins
LProperties/Properties
^
D10/15'21
U-15,557.40
T-15,557.40
PVacation
LEntertainment/Vacation
^
D10/16'21
U-1,060.43
T-1,060.43
NDEP
PRVBD - Travel
LRVBD Travel/RVBD Expenses
^
D10/22'21
U-60,763.45
T-60,763.45
NTXFR
PCC Payment
LBills & Utilities:Credit Card Payment/Credit Card
^
D10/24'21
U0.00
T0.00
NDEP
PRVBD - Travel
LRVBD Travel/RVBD Expenses
^
D11/ 1'21
U153,445.15
T153,445.15
NDEP
PRVBD - Salary
LNet Salary/Salary
^
D11/ 1'21
U92,157.37
T92,157.37
NDEP
PRVBD - Commission
LNet Salary/Salary
^
D11/ 1'21
U-20,000.00
T-20,000.00
PPersonal Exp - Doris
LEntertainment/Exp
^
D11/ 1'21
U-20,000.00
T-20,000.00
PENBD -> HSBC
L[HSBC UAE]/Transfer
^
D11/ 1'21
U-1,679.00
T-1,679.00
PMaid
LContract Labor:Cleaning Service/Exp
^
D11/ 5'21
U-372.36
T-372.36
PENBD - Pan T2-605 Ins
LProperties/Properties
^
D11/ 5'21
U-1,163.01
T-1,163.01
PENBD - Meadows Ins
LProperties/Properties
^
D11/ 5'21
U-66,640.06
T-66,640.06
PPersonal Exp - Bill
LBills & Utilities:Credit Card Payment/Credit Card
^
D11/ 5'21
U-11,115.00
T-11,115.00
NSched
PMeadows 5 Loan
L--Split--
S[Meadows 5 Loan]
$-9,504.41
SHome:Mortgage:Interest
$-1,610.59
^
D11/ 5'21
U-4,862.00
T-4,862.00
NSched
PPan T2-605 Loan
L--Split--
S[Pan T2-605 Loan]/Properties
$-4,121.46
SLoan Payment:Interest/Properties
$-740.54
^
D11/ 9'21
U-10,318.34
T-10,318.34
P23 Marina - Service
LProperties/Properties
^
D11/ 9'21
U-1,370.00
T-1,370.00
P23 Marina Maintenance
LProperties/Properties
^
D11/11'21
U1,343.11
T1,343.11
PAramex
LRefund/Exp
^
D11/18'21
U10,176.89
T10,176.89
NDEP
PRVBD - Travel
LRVBD Travel/RVBD Expenses
^
D11/25'21
U-40,400.83
T-40,400.83
NTXFR
PCC Payment
LBills & Utilities:Credit Card Payment/Credit Card
^
D11/28'21
U-4,086.61
T-4,086.61
PVacation
LEntertainment/Vacation
^
D12/ 1'21
U153,445.15
T153,445.15
NDEP
PRVBD - Salary
LNet Salary/Salary
^
D12/ 1'21
U21,406.77
T21,406.77
NDEP
PRVBD - Commission
LNet Salary/Salary
^
D12/ 1'21
U-20,000.00
T-20,000.00
PENBD -> HSBC
L[HSBC UAE]/Transfer
^
D12/ 1'21
U-20,000.00
T-20,000.00
PPersonal Exp - Doris
LEntertainment/Exp
^
D12/ 1'21
U-1,679.00
T-1,679.00
PMaid
LContract Labor:Cleaning Service/Exp
^
D12/ 5'21
U-359.45
T-359.45
PENBD - Pan T2-605 Ins
LProperties/Properties
^
D12/ 5'21
U-1,123.41
T-1,123.41
PENBD - Meadows Ins
LProperties/Properties
^
D12/ 5'21
U-8,621.91
T-8,621.91
PVacation
LEntertainment/Vacation
^
D12/ 5'21
U-11,148.00
T-11,148.00
NSched
PMeadows 5 Loan
L--Split--
S[Meadows 5 Loan]
$-7,397.18
SHome:Mortgage:Interest
$-3,750.82
^
D12/ 5'21
U-4,867.00
T-4,867.00
NSched
PPan T2-605 Loan
L--Split--
S[Pan T2-605 Loan]/Properties
$-3,162.04
SLoan Payment:Interest/Properties
$-1,704.96
^
D12/12'21
U27,500.00
T27,500.00
NDEP
PMM 2304 - Rent
LProperties/Properties
^
D12/13'21
U-43,945.66
T-43,945.66
PPersonal Exp - Bill
LBills & Utilities:Credit Card Payment/Credit Card
^
D12/15'21
U65,000.00
T65,000.00
NDEP
PMM 2403 - Rent
LProperties/Properties
^
D12/24'21
U15,771.03
T15,771.03
NDEP
PRVBD - Travel
LRVBD Travel/RVBD Expenses
^
D1/ 1'22
U153,445.15
T153,445.15
NDEP
PRVBD - Salary
LNet Salary/Salary
^
D1/ 1'22
U275,625.00
T275,625.00
NDEP
PRetention Bonus
LNet Salary/Salary
^
D1/ 1'22
U45,230.35
T45,230.35
NDEP
PRVBD - Commission
LNet Salary/Salary
^
D1/ 1'22
U-20,000.00
T-20,000.00
PENBD -> HSBC
L[HSBC UAE]/Transfer
^
D1/ 1'22
U-1,679.00
T-1,679.00
PMaid
LContract Labor:Cleaning Service/Exp
^
D1/ 1'22
U-20,000.00
T-20,000.00
PPersonal Exp - Doris
LEntertainment/Exp
^
D1/ 1'22
U-41,367.06
T-41,367.06
PPersonal Exp - Bill
LBills & Utilities:Credit Card Payment/Credit Card
^
D1/ 5'22
U-1,158.65
T-1,158.65
PENBD - Meadows Ins
LProperties/Properties
^
D1/ 5'22
U-370.50
T-370.50
PENBD - Pan T2-605 Ins
LProperties/Properties
^
D1/ 5'22
U-11,148.00
T-11,148.00
NSched
PMeadows 5 Loan
L--Split--
S[Meadows 5 Loan]
$-7,278.89
SHome:Mortgage:Interest
$-3,869.11
^
D1/ 5'22
U-4,872.00
T-4,872.00
NSched
PPan T2-605 Loan
L--Split--
S[Pan T2-605 Loan]/Properties
$-3,107.81
SLoan Payment:Interest/Properties
$-1,764.19
^
D1/ 7'22
U-56,419.45
T-56,419.45
NTXFR
PCC Payment
L[ENBD CC]/Credit Card
^
D1/13'22
U10,754.21
T10,754.21
NDEP
PRVBD - Travel
LRVBD Travel/RVBD Expenses
^
D1/16'22
U-5,000.00
T-5,000.00
PPersonal Exp - Doris
LEntertainment/Exp
^
D1/21'22
U-6,000.00
T-6,000.00
P23 Marina - Security Deposit
L[Deposits]/Deposit
^
D1/24'22
U130,000.00
T130,000.00
NDEP
PPanorama 605 Rent
LProperties/Properties
^
D1/25'22
U-33,980.12
T-33,980.12
NTXFR
PCC Payment
LBills & Utilities:Credit Card Payment/Credit Card
^
D2/ 1'22
U153,445.15
T153,445.15
NDEP
PRVBD - Salary
LNet Salary/Salary
^
D2/ 1'22
U146,701.12
T146,701.12
NDEP
PRVBD - Commission
LNet Salary/Salary
^
D2/ 1'22
U8,000.00
T8,000.00
NDEP
PPanorama - Rent
LProperties/Properties
^
D2/ 1'22
U-35,000.00
T-35,000.00
PPersonal Exp - Doris
LEntertainment/Exp
^
D2/ 1'22
U-20,000.00
T-20,000.00
PENBD -> HSBC
L[HSBC UAE]/Transfer
^
D2/ 1'22
U-1,679.00
T-1,679.00
PMaid
LContract Labor:Cleaning Service/Exp
^
D2/ 5'22
U0.00
T0.00
PPersonal Exp - Bill
LBills & Utilities:Credit Card Payment/Credit Card
^
D2/ 5'22
U-369.57
T-369.57
PENBD - Pan T2-605 Ins
LProperties/Properties
^
D2/ 5'22
U-1,156.49
T-1,156.49
PENBD - Meadows Ins
LProperties/Properties
^
D2/ 5'22
U-11,170.00
T-11,170.00
NSched
PMeadows 5 Loan
L--Split--
S[Meadows 5 Loan]
$-7,470.68
SHome:Mortgage:Interest
$-3,699.32
^
D2/ 5'22
U-4,872.00
T-4,872.00
NSched
PPan T2-605 Loan
L--Split--
S[Pan T2-605 Loan]/Properties
$-3,200.93
SLoan Payment:Interest/Properties
$-1,671.07
^
D2/ 8'22
U-25,000.00
T-25,000.00
PTransfer To HSBC UAE
L[HSBC UAE]/Transfer
^
D2/13'22
U-63,000.00
T-63,000.00
PCredit Card Payment
LBills & Utilities:Credit Card Payment/Credit Card
^
D2/17'22
U-50,000.00
T-50,000.00
PCredit Card Payment
LBills & Utilities:Credit Card Payment/Credit Card
^
D2/24'22
U0.00
T0.00
NDEP
PRVBD - Travel
LRVBD Travel/RVBD Expenses
^
D3/ 1'22
U153,445.15
T153,445.15
NDEP
PRVBD - Salary
LNet Salary/Salary
^
D3/ 1'22
U34,282.72
T34,282.72
NDEP
PRVBD - Commission
LNet Salary/Salary
^
D3/ 1'22
U-20,000.00
T-20,000.00
PPersonal Exp - Doris
LEntertainment/Exp
^
D3/ 1'22
U-20,000.00
T-20,000.00
PENBD -> HSBC
L[HSBC UAE]/Transfer
^
D3/ 1'22
U-1,679.00
T-1,679.00
PMaid
LContract Labor:Cleaning Service/Exp
^
D3/ 5'22
U-36,067.29
T-36,067.29
PPersonal Exp - Bill
LBills & Utilities:Credit Card Payment/Credit Card
^
D3/ 5'22
U-332.97
T-332.97
PENBD - Pan T2-605 Ins
LProperties/Properties
^
D3/ 5'22
U-1,042.62
T-1,042.62
PENBD - Meadows Ins
LProperties/Properties
^
D3/ 5'22
U-11,170.00
T-11,170.00
NSched
PMeadows 5 Loan
L--Split--
S[Meadows 5 Loan]
$-7,470.68
SHome:Mortgage:Interest
$-3,699.32
^
D3/ 5'22
U-4,891.00
T-4,891.00
NSched
PPan T2-605 Loan
L--Split--
S[Pan T2-605 Loan]/Properties
$-3,200.93
SLoan Payment:Interest/Properties
$-1,690.07
^
D3/14'22
U9,167.00
T9,167.00
NDEP
PMM 2304 - Rent
LProperties/Properties
^
D3/14'22
U-2,092.64
T-2,092.64
PVacation
LEntertainment/Vacation
^
D3/14'22
U-20,261.81
T-20,261.81
P23 Marina - Service
LProperties/Properties
^
D3/20'22
U-71,060.89
T-71,060.89
NTXFR
PCC Payment
L[ENBD CC]/Credit Card
^
D3/24'22
U47,014.18
T47,014.18
NDEP
PRVBD - Travel
LRVBD Travel/RVBD Expenses
^
D4/ 1'22
U153,445.15
T153,445.15
NDEP
PRVBD - Salary
LNet Salary/Salary
^
D4/ 1'22
U34,282.72
T34,282.72
NDEP
PRVBD - Commission
LNet Salary/Salary
^
D4/ 1'22
U1,300,000.00
T1,300,000.00
PPanorama - Sell
L[Panorama T3-302]/Properties
^
D4/ 1'22
U-20,000.00
T-20,000.00
PENBD -> HSBC
L[HSBC UAE]/Transfer
^
D4/ 1'22
U-1,679.00
T-1,679.00
PMaid
LContract Labor:Cleaning Service/Exp
^
D4/ 1'22
U-20,000.00
T-20,000.00
PPersonal Exp - Doris
LEntertainment/Exp
^
D4/ 2'22
U30,000.00
T30,000.00
PTransfer To ENBD
L[Cash AED]/Transfer
^
D4/ 2'22
U-48,969.72
T-48,969.72
PPersonal Exp - Bill
L[ENBD CC]/Credit Card
^
D4/ 5'22
U-1,152.05
T-1,152.05
PENBD - Meadows Ins
LProperties/Properties
^
D4/ 5'22
U-367.67
T-367.67
PENBD - Pan T2-605 Ins
LProperties/Properties
^
D4/ 5'22
U-5,041.00
T-5,041.00
NSched
PPan T2-605 Loan
L--Split--
S[Pan T2-605 Loan]/Properties
$-3,210.85
SLoan Payment:Interest/Properties
$-1,830.15
^
D4/ 5'22
U-11,266.00
T-11,266.00
NSched
PMeadows 5 Loan
L--Split--
S[Meadows 5 Loan]
$-7,240.60
SHome:Mortgage:Interest
$-4,025.40
^
D4/13'22
U9,167.00
T9,167.00
NDEP
PMM 2304 - Rent
LProperties/Properties
^
D4/23'22
U-45,351.78
T-45,351.78
NTXFR
PCC Payment
LBills & Utilities:Credit Card Payment/Credit Card
^
D4/24'22
U0.00
T0.00
NDEP
PRVBD - Travel
LRVBD Travel/RVBD Expenses
^
D5/ 1'22
U109,574.54
T109,574.54
NDEP
PRVBD - Commission
LNet Salary/Salary
^
D5/ 1'22
U153,445.15
T153,445.15
NDEP
PRVBD - Salary
LNet Salary/Salary
^
D5/ 1'22
U-20,000.00
T-20,000.00
PENBD -> HSBC
L[HSBC UAE]/Transfer
^
D5/ 1'22
U-20,000.00
T-20,000.00
PPersonal Exp - Doris
LEntertainment/Exp
^
D5/ 5'22
U-1,679.00
T-1,679.00
PMaid
LContract Labor:Cleaning Service/Exp
^
D5/ 5'22
U-11,569.00
T-11,569.00
NSched
PMeadows 5 Loan
L--Split--
S[Meadows 5 Loan]
$-7,011.61
SHome:Mortgage:Interest
$-4,557.39
^
D5/ 5'22
U-5,130.00
T-5,130.00
NSched
PPan T2-605 Loan
L--Split--
S[Pan T2-605 Loan]/Properties
$-3,087.68
SLoan Payment:Interest/Properties
$-2,042.32
^
D5/ 5'22
U-1,112.81
T-1,112.81
PENBD - Meadows Ins
LProperties/Properties
^
D5/ 5'22
U-354.88
T-354.88
PENBD - Pan T2-605 Ins
LProperties/Properties
^
D5/ 6'22
U21,359.34
T21,359.34
NDEP
PRVBD - Travel
LRVBD Travel/RVBD Expenses
^
D5/ 8'22
U-15,000.00
T-15,000.00
PPersonal Exp - Monthly
LEntertainment/Exp
^
D5/ 9'22
U-735,000.00
T-735,000.00
POwn Transfer
L[ENBD $]/Transfer
^
D5/13'22
U-57,768.16
T-57,768.16
PPersonal Exp - Bill
LBills & Utilities:Credit Card Payment/Credit Card
^
D5/18'22
U-9,943.47
T-9,943.47
P23 Marina - Service
LProperties/Properties
^
D5/19'22
U2,117.63
T2,117.63
NDEP
PRVBD - Travel
LRVBD Travel/RVBD Expenses
^
D5/20'22
U-525.00
T-525.00
PNOC - 23 Marina
LProperties/Properties
^
D5/20'22
U-25,000.00
T-25,000.00
PPersonal Exp - Monthly
LEntertainment/Exp
^
D5/27'22
U-25,000.00
T-25,000.00
PPersonal Exp - Monthly
LEntertainment/Exp
^
D5/28'22
U-25,000.00
T-25,000.00
PPersonal Exp - Monthly
LEntertainment/Exp
^
D5/30'22
U-3,551,250.00
T-3,551,250.00
POwn Transfer
L[ENBD $]/Transfer
^
D5/30'22
U-6,380.00
T-6,380.00
PVegas Ticket
LTravel/Vacation
^
D6/ 1'22
U16,320.43
T16,320.43
NDEP
PRVBD - Commission
LNet Salary/Salary
^
D6/ 1'22
U153,445.15
T153,445.15
NDEP
PRVBD - Salary
LNet Salary/Salary
^
D6/ 1'22
U-25,000.00
T-25,000.00
PPersonal Exp - Doris
LEntertainment/Exp
^
D6/ 1'22
U-20,000.00
T-20,000.00
PENBD -> HSBC
L[HSBC UAE]/Transfer
^
D6/ 1'22
U-2,371.00
T-2,371.00
PMaid
LContract Labor:Cleaning Service/Exp
^
D6/ 4'22
U-9,631.14
T-9,631.14
PPoker
LEntertainment/Exp
^
D6/ 5'22
U-11,965.00
T-11,965.00
NSched
PMeadows 5 Loan
L--Split--
S[Meadows 5 Loan]
$-7,011.60
SHome:Mortgage:Interest
$-4,953.40
^
D6/ 5'22
U-5,289.00
T-5,289.00
NSched
PPan T2-605 Loan
L--Split--
S[Pan T2-605 Loan]/Properties
$-3,087.68
SLoan Payment:Interest/Properties
$-2,201.32
^
D6/ 5'22
U-1,147.75
T-1,147.75
PENBD - Meadows Ins
LProperties/Properties
^
D6/ 5'22
U-365.79
T-365.79
PENBD - Pan T2-605 Ins
LProperties/Properties
^
D6/ 5'22
U-29,696.76
T-29,696.76
PPersonal Exp - Bill
LBills & Utilities:Credit Card Payment/Credit Card
^
D6/10'22
U65,000.00
T65,000.00
NDEP
PMM 2403 - Rent
LProperties/Properties
^
D6/16'22
U12,037.25
T12,037.25
NDEP
PRVBD - Travel
LRVBD Travel/RVBD Expenses
^
D6/17'22
U720,000.00
T720,000.00
PFerrari Sale
L[Portofino]/Car
^
D6/18'22
U-48,358.35
T-48,358.35
NTXFR
PCC Payment
L[ENBD CC]/Credit Card
^
D6/18'22
U-1,000,000.00
T-1,000,000.00
PTransfer To ENBD
L[ENBD $]/Transfer
^
D6/23'22
U1,195.39
T1,195.39
NDEP
PRVBD - Travel
LRVBD Travel/RVBD Expenses
^
D6/23'22
U-43,050.00
T-43,050.00
PEspace - 23 Marina Commission
LProperties/Properties
^
D6/26'22
U-800.00
T-800.00
PPanorama 302 - Security Deposit
LRent & Lease/Deposit
^
D6/28'22
U1,005,397.03
T1,005,397.03
P23 Marina - Sale
L[23 Marina]
^
D6/28'22
U-1,000,000.00
T-1,000,000.00
PTransfer To ENBD
L[ENBD $]/Transfer
^
D6/29'22
U-198,450.00
T-198,450.00
PTransfer To ENBD
L[ENBD $]/Transfer
^
D6/30'22
U-11,025.00
T-11,025.00
PTransfer To ENBD
L[ENBD $]/Transfer
^
D7/ 1'22
U153,445.15
T153,445.15
NDEP
PRVBD - Salary
LNet Salary/Salary
^
D7/ 1'22
U21,767.14
T21,767.14
NDEP
PRVBD - Commission
LNet Salary/Salary
^
D7/ 1'22
U-10,000.00
T-10,000.00
PENBD -> HSBC
L[HSBC UAE]/Transfer
^
D7/ 1'22
U-1,679.00
T-1,679.00
PMaid
LContract Labor:Cleaning Service/Exp
^
D7/ 1'22
U-10,000.00
T-10,000.00
PPersonal Exp - Doris
LEntertainment/Exp
^
D7/ 1'22
U-46,529.67
T-46,529.67
PPersonal Exp - Bill
LBills & Utilities:Credit Card Payment/Credit Card
^
D7/ 1'22
U-1,000.00
T-1,000.00
NTXFR
PCC Payment
L[ENBD CC]/Credit Card
^
D7/ 3'22
U-20,000.00
T-20,000.00
PPersonal Exp - Doris
LEntertainment/Exp
^
D7/ 4'22
U-21,086.83
T-21,086.83
NTXFR
PCC Payment
L[ENBD CC]/Credit Card
^
D7/ 5'22
U-12,232.00
T-12,232.00
NSched
PMeadows 5 Loan
L--Split--
S[Meadows 5 Loan]
$-6,493.93
SHome:Mortgage:Interest
$-5,738.07
^
D7/ 5'22
U-5,643.00
T-5,643.00
NSched
PPan T2-605 Loan
L--Split--
S[Pan T2-605 Loan]/Properties
$-2,995.41
SLoan Payment:Interest/Properties
$-2,647.59
^
D7/ 5'22
U-1,108.77
T-1,108.77
PENBD - Meadows Ins
LProperties/Properties
^
D7/ 5'22
U-353.11
T-353.11
PENBD - Pan T2-605 Ins
LProperties/Properties
^
D7/ 7'22
U-45,793.67
T-45,793.67
NTXFR
PCC Payment
LBills & Utilities:Credit Card Payment/Credit Card
^
D7/12'22
U14,787.76
T14,787.76
NDEP
PRVBD - Travel
LRVBD Travel/RVBD Expenses
^
D7/12'22
U-4,750.00
T-4,750.00
PMM 2304 - Security Deposit
LBusiness Transfer:Owner's Deposit/Deposit
^
D7/18'22
U-525.00
T-525.00
PMM2304 - NOC
LProperties/Properties
^
D7/22'22
U-7,741.14
T-7,741.14
PMM 2304 - Service
LHome:Home Services/Exp
^
D7/25'22
U-4,065.04
T-4,065.04
PPoker
LEntertainment/Exp
^
D7/26'22
U-50,968.08
T-50,968.08
NTXFR
PCC Payment
L[ENBD CC]/Credit Card
^
D7/28'22
U1,095.05
T1,095.05
NDEP
PRVBD - Travel
LRVBD Travel/RVBD Expenses
^
D7/29'22
U324,774.33
T324,774.33
PMM 2034 - Sell
L[MM2304]/Properties
^
D8/ 1'22
U734,620.00
T734,620.00
NDEP
PRetention Bonus
LNet Salary/Salary
^
D8/ 1'22
U97,835.07
T97,835.07
NDEP
PRVBD - Commission
LNet Salary/Salary
^
D8/ 1'22
U153,445.15
T153,445.15
NDEP
PRVBD - Salary
LNet Salary/Salary
^
D8/ 1'22
U-10,000.00
T-10,000.00
PENBD -> HSBC
L[HSBC UAE]/Transfer
^
D8/ 1'22
U-19,425.00
T-19,425.00
PMM 2034 - Sell Commission
LProperties/Properties
^
D8/ 1'22
U-1,679.00
T-1,679.00
PMaid
LContract Labor:Cleaning Service/Exp
^
D8/ 5'22
U-12,970.00
T-12,970.00
NSched
PMeadows 5 Loan
L--Split--
S[Meadows 5 Loan]
$-6,493.93
SHome:Mortgage:Interest
$-6,476.07
^
D8/ 5'22
U-5,919.00
T-5,919.00
NSched
PPan T2-605 Loan
L--Split--
S[Pan T2-605 Loan]/Properties
$-2,995.42
SLoan Payment:Interest/Properties
$-2,923.58
^
D8/ 5'22
U-1,143.71
T-1,143.71
PENBD - Meadows Ins
LProperties/Properties
^
D8/ 5'22
U-363.94
T-363.94
PENBD - Pan T2-605 Ins
LProperties/Properties
^
D8/ 5'22
U-11,393.32
T-11,393.32
PVacation
LEntertainment/Vacation
^
D8/ 5'22
U-31,464.20
T-31,464.20
PPersonal Exp - Bill
LBills & Utilities:Credit Card Payment/Credit Card
^
D8/11'22
U47,038.60
T47,038.60
NDEP
PRVBD - Travel
LRVBD Travel/RVBD Expenses
^
D8/15'22
U-30,554.12
T-30,554.12
NTXFR
PCC Payment
LBills & Utilities:Credit Card Payment/Credit Card
^
D8/16'22
U-25,000.00
T-25,000.00
PParents
LParents/Parents
^
D8/23'22
U-30,000.00
T-30,000.00
NTXFR
PCC Payment
LBills & Utilities:Credit Card Payment/Credit Card
^
D8/26'22
U2,863.05
T2,863.05
NDEP
PRVBD - Travel
LRVBD Travel/RVBD Expenses
^
D8/26'22
U-18,034.20
T-18,034.20
NTXFR
PCC Payment
LBills & Utilities:Credit Card Payment/Credit Card
^
D8/27'22
U-10,000.00
T-10,000.00
PATM Withdrawal
MBKOFAMERICA ATM 08/11 # WITHDRWL BROADWAY & 53RD ST NEW YORK NY
LCash & ATM/Exp
^
D8/27'22
U-4,519.61
T-4,519.61
PVacation
LEntertainment/Vacation
^
D8/30'22
U-300,000.00
T-300,000.00
NTXFR
PCC Payment
L[ENBD CC]/Credit Card
^
D8/30'22
U-25,000.00
T-25,000.00
PATM Withdrawal
MBKOFAMERICA ATM 08/11 # WITHDRWL BROADWAY & 53RD ST NEW YORK NY
LCash & ATM/Exp
^
D9/ 1'22
U153,445.15
T153,445.15
NDEP
PRVBD - Salary
LNet Salary/Salary
^
D9/ 1'22
U35,388.17
T35,388.17
NDEP
PRVBD - Commission
LNet Salary/Salary
^
D9/ 1'22
U-20,000.00
T-20,000.00
PPersonal Exp - Doris
LEntertainment/Exp
^
D9/ 1'22
U-10,000.00
T-10,000.00
PENBD -> HSBC
L[HSBC UAE]/Transfer
^
D9/ 1'22
U-1,679.00
T-1,679.00
PMaid
LContract Labor:Cleaning Service/Exp
^
D9/ 5'22
U-1,141.87
T-1,141.87
PENBD - Meadows Ins
LProperties/Properties
^
D9/ 5'22
U-363.10
T-363.10
PENBD - Pan T2-605 Ins
LProperties/Properties
^
D9/ 5'22
U-30,141.52
T-30,141.52
NTXFR
PCC Payment
LBills & Utilities:Credit Card Payment/Credit Card
^
D9/ 5'22
U-504.00
T-504.00
PPersonal Exp - Bill
LBills & Utilities:Credit Card Payment/Credit Card
^
D9/ 5'22
U-13,754.00
T-13,754.00
NSched
PMeadows 5 Loan
L--Split--
S[Meadows 5 Loan]
$-5,745.31
SHome:Mortgage:Interest
$-8,008.69
^
D9/ 5'22
U-6,015.00
T-6,015.00
NSched
PPan T2-605 Loan
L--Split--
S[Pan T2-605 Loan]/Properties
$-2,512.31
SLoan Payment:Interest/Properties
$-3,502.69
^
D9/ 7'22
U-36,831.43
T-36,831.43
NTXFR
PCC Payment
LBills & Utilities:Credit Card Payment/Credit Card
^
D9/11'22
U-48,523.60
T-48,523.60
NTXFR
PCC Payment
LBills & Utilities:Credit Card Payment/Credit Card
^
D9/21'22
U-45,356.83
T-45,356.83
NTXFR
PCC Payment
LBills & Utilities:Credit Card Payment/Credit Card
^
D9/24'22
U22,175.84
T22,175.84
NDEP
PRVBD - Travel
LRVBD Travel/RVBD Expenses
^
D10/ 1'22
U153,445.15
T153,445.15
NDEP
PRVBD - Salary
LNet Salary/Salary
^
D10/ 1'22
U48,778.49
T48,778.49
NDEP
PRVBD - Commission
LNet Salary/Salary
^
D10/ 1'22
U-10,000.00
T-10,000.00
PENBD -> HSBC
L[HSBC UAE]/Transfer
^
D10/ 1'22
U-1,679.00
T-1,679.00
PMaid
LContract Labor:Cleaning Service/Exp
^
D10/ 1'22
U-20,000.00
T-20,000.00
PPersonal Exp - Doris
LEntertainment/Exp
^
D10/ 5'22
U-13,957.00
T-13,957.00
NSched
PMeadows 5 Loan
L--Split--
S[Meadows 5 Loan]
$-5,829.62
SHome:Mortgage:Interest
$-8,127.38
^
D10/ 5'22
U-6,360.00
T-6,360.00
NSched
PPan T2-605 Loan
L--Split--
S[Pan T2-605 Loan]/Properties
$-2,767.43
SLoan Payment:Interest/Properties
$-3,592.57
^
D10/ 5'22
U-350.66
T-350.66
PENBD - Pan T2-605 Ins
LProperties/Properties
^
D10/ 5'22
U-1,103.38
T-1,103.38
PENBD - Meadows Ins
LProperties/Properties
^
D10/ 5'22
U-77,399.82
T-77,399.82
PPersonal Exp - Bill
LBills & Utilities:Credit Card Payment/Credit Card
^
D10/20'22
U2,714.22
T2,714.22
NDEP
PRVBD - Travel
LRVBD Travel/RVBD Expenses
^
D10/21'22
U-47,777.38
T-47,777.38
NTXFR
PCC Payment
LBills & Utilities:Credit Card Payment/Credit Card
^
D11/ 1'22
U429,125.00
T429,125.00
NDEP
PRVBD - Incentive
LNet Salary/Salary
^
D11/ 1'22
U153,445.15
T153,445.15
NDEP
PRVBD - Salary
LNet Salary/Salary
^
D11/ 1'22
U126,511.17
T126,511.17
NDEP
PRVBD - Commission
LNet Salary/Salary
^
D11/ 1'22
U-20,000.00
T-20,000.00
PPersonal Exp - Doris
LEntertainment/Exp
^
D11/ 1'22
U-10,000.00
T-10,000.00
PENBD -> HSBC
L[HSBC UAE]/Transfer
^
D11/ 1'22
U-1,679.00
T-1,679.00
PMaid
LContract Labor:Cleaning Service/Exp
^
D11/ 2'22
U-1,470,400.00
T-1,470,400.00
POwn Transfer
L[ENBD $]/Transfer
^
D11/ 3'22
U-52.50
T-52.50
PBanking Fee
LProperties/Properties
^
D11/ 4'22
U1,146.46
T1,146.46
NDEP
PRVBD - Travel
LRVBD Travel/RVBD Expenses
^
D11/ 4'22
U-1,000.00
T-1,000.00
NTXFR
PCC Payment
LBills & Utilities:Credit Card Payment/Credit Card
^
D11/ 5'22
U-25,194.18
T-25,194.18
PPersonal Exp - Bill
LBills & Utilities:Credit Card Payment/Credit Card
^
D11/ 5'22
U-361.53
T-361.53
PENBD - Pan T2-605 Ins
LProperties/Properties
^
D11/ 5'22
U-1,138.43
T-1,138.43
PENBD - Meadows Ins
LProperties/Properties
^
D11/ 5'22
U-14,644.00
T-14,644.00
NSched
PMeadows 5 Loan
L--Split--
S[Meadows 5 Loan]
$-5,258.25
SHome:Mortgage:Interest
$-9,385.75
^
D11/ 5'22
U-6,571.00
T-6,571.00
NSched
PPan T2-605 Loan
L--Split--
S[Pan T2-605 Loan]/Properties
$-2,415.73
SLoan Payment:Interest/Properties
$-4,155.27
^
D11/ 7'22
U-38,621.33
T-38,621.33
NTXFR
PCC Payment
LBills & Utilities:Credit Card Payment/Credit Card
^
D11/11'22
U44,678.18
T44,678.18
NDEP
PRVBD - Travel
LRVBD Travel/RVBD Expenses
^
D11/17'22
U14,654.42
T14,654.42
NDEP
PRVBD - Travel
LRVBD Travel/RVBD Expenses
^
D11/24'22
U629.08
T629.08
NDEP
PRVBD - Travel
LRVBD Travel/RVBD Expenses
^
D11/24'22
U-52,402.72
T-52,402.72
NTXFR
PCC Payment
LBills & Utilities:Credit Card Payment/Credit Card
^
D12/ 1'22
U153,445.15
T153,445.15
NDEP
PRVBD - Salary
LNet Salary/Salary
^
D12/ 1'22
U37,712.76
T37,712.76
NDEP
PRVBD - Commission
LNet Salary/Salary
^
D12/ 1'22
U-10,000.00
T-10,000.00
PENBD -> HSBC
L[HSBC UAE]/Transfer
^
D12/ 1'22
U-1,679.00
T-1,679.00
PMaid
LContract Labor:Cleaning Service/Exp
^
D12/ 1'22
U-20,000.00
T-20,000.00
PPersonal Exp - Doris
LEntertainment/Exp
^
D12/ 5'22
U-1,100.19
T-1,100.19
PENBD - Meadows Ins
LProperties/Properties
^
D12/ 5'22
U-349.18
T-349.18
PENBD - Pan T2-605 Ins
LProperties/Properties
^
D12/ 5'22
U-30,000.00
T-30,000.00
PPersonal Exp - Bill
LBills & Utilities:Credit Card Payment/Credit Card
^
D12/ 5'22
U-15,424.00
T-15,424.00
NSched
PMeadows 5 Loan
L--Split--
S[Meadows 5 Loan]
$-5,258.26
SHome:Mortgage:Interest
$-10,165.74
^
D12/ 5'22
U-6,841.00
T-6,841.00
NSched
PPan T2-605 Loan
L--Split--
S[Pan T2-605 Loan]/Properties
$-2,415.73
SLoan Payment:Interest/Properties
$-4,425.27
^
D12/ 6'22
U-30,000.00
T-30,000.00
PENBD -> HSBC
L[HSBC UAE]/Transfer
^
D12/ 7'22
U7,652.52
T7,652.52
PCIGNA
LHealth & Fitness/CIGNA
^
D12/13'22
U-42,155.00
T-42,155.00
NTXFR
PCC Payment
LBills & Utilities:Credit Card Payment/Credit Card
^
D12/13'22
U-1,205.39
T-1,205.39
PFifa
LHealth & Fitness:Sports/Exp
^
D12/15'22
U75,000.00
T75,000.00
NDEP
PMM 2403 - Rent
LProperties/Properties
^
D12/21'22
U-52.50
T-52.50
PLiability Letter
LProperties/Parents
^
D12/21'22
U-15,000.00
T-15,000.00
PPersonal Exp - Doris
LEntertainment/Exp
^
D12/22'22
U14,897.86
T14,897.86
NDEP
PRVBD - Travel
LRVBD Travel/RVBD Expenses
^
D12/24'22
U-94,308.93
T-94,308.93
NTXFR
PCC Payment
LBills & Utilities:Credit Card Payment/Credit Card
^
D12/28'22
U751.24
T751.24
PLoan Payment Excess
L[Panorama T2-605]
^
D1/ 1'23
U101,018.69
T101,018.69
NDEP
PRVBD - Commission
LNet Salary/Salary
^
D1/ 1'23
U153,445.15
T153,445.15
NDEP
PRVBD - Salary
LNet Salary/Salary
^
D1/ 1'23
U-10,000.00
T-10,000.00
PENBD -> HSBC
L[HSBC UAE]/Transfer
^
D1/ 1'23
U-1,679.00
T-1,679.00
PMaid
LContract Labor:Cleaning Service/Exp
^
D1/ 1'23
U-20,000.00
T-20,000.00
PPersonal Exp - Doris
LEntertainment/Exp
^
D1/ 5'23
U-1,135.30
T-1,135.30
PENBD - Meadows Ins
LProperties/Properties
^
D1/ 5'23
U-99,725.56
T-99,725.56
PPersonal Exp - Bill
LBills & Utilities:Credit Card Payment/Credit Card
^
D1/ 5'23
U-15,837.00
T-15,837.00
NSched
PMeadows 5 Loan
L--Split--
S[Meadows 5 Loan]
$-4,671.00
SHome:Mortgage:Interest
$-11,166.00
^
D1/10'23
U885,839.40
T885,839.40
PPan T2-605 Sale
L[Panorama T2-605]
^
D1/24'23
U0.00
T0.00
NDEP
PRVBD - Travel
LRVBD Travel/RVBD Expenses
^
D2/ 1'23
U153,445.15
T153,445.15
NDEP
PRVBD - Salary
LNet Salary/Salary
^
D2/ 1'23
U1,101,900.00
T1,101,900.00
NDEP
PRetention Bonus
LNet Salary/Salary
^
D2/ 1'23
U149,466.95
T149,466.95
NDEP
PRVBD - Commission
LNet Salary/Salary
^
D2/ 1'23
U-20,000.00
T-20,000.00
PPersonal Exp - Doris
LEntertainment/Exp
^
D2/ 1'23
U-10,000.00
T-10,000.00
PENBD -> HSBC
L[HSBC UAE]/Transfer
^
D2/ 1'23
U-1,679.00
T-1,679.00
PMaid
LContract Labor:Cleaning Service/Exp
^
D2/ 5'23
U-18,213.29
T-18,213.29
PPersonal Exp - Bill
LBills & Utilities:Credit Card Payment/Credit Card
^
D2/ 5'23
U-16,271.00
T-16,271.00
NSched
PMeadows 5 Loan
L--Split--
S[Meadows 5 Loan]
$-7,462.27
SHome:Mortgage:Interest
$-8,808.73
^
D2/ 5'23
U-1,133.91
T-1,133.91
PENBD - Meadows Ins
LProperties/Properties
^
D2/ 5'23
U-735,000.00
T-735,000.00
PTransfer To ENBD
L[ENBD $]/Transfer
^
D2/14'23
U-7,350.00
T-7,350.00
PTransfer To ENBD
L[ENBD $]/Transfer
^
D2/16'23
U-525.00
T-525.00
PNOC - 23 Marina
LProperties/Properties
^
D2/17'23
U-46,049.96
T-46,049.96
NTXFR
PCC Payment
LBills & Utilities:Credit Card Payment/Credit Card
^
D2/23'23
U932,309.17
T932,309.17
PMM 2403 Sell
L[MM2403]/Properties
^
D2/24'23
U0.00
T0.00
NDEP
PRVBD - Travel
LRVBD Travel/RVBD Expenses
^
D3/ 1'23
U153,445.15
T153,445.15
NDEP
PRVBD - Salary
LNet Salary/Salary
^
D3/ 1'23
U34,282.72
T34,282.72
NDEP
PRVBD - Commission
LNet Salary/Salary
^
D3/ 1'23
U-20,000.00
T-20,000.00
PPersonal Exp - Doris
LEntertainment/Exp
^
D3/ 1'23
U-11,340.00
T-11,340.00
PBlue Bolt
LRepairs & Maintenance/Properties
^
D3/ 1'23
U-1,679.00
T-1,679.00
PMaid
LContract Labor:Cleaning Service/Exp
^
D3/ 5'23
U-28,629.50
T-28,629.50
PPersonal Exp - Bill
LBills & Utilities:Credit Card Payment/Credit Card
^
D3/ 5'23
U-16,464.00
T-16,464.00
NSched
PMeadows 5 Loan
L--Split--
S[Meadows 5 Loan]
$-7,474.96
SHome:Mortgage:Interest
$-8,989.04
^
D3/ 5'23
U-1,022.97
T-1,022.97
PENBD - Meadows Ins
LProperties/Properties
^
D3/ 7'23
U-2,179,608.97
T-2,179,608.97
PMeadows 5 Morgage Clearance
L[Meadows 5 Loan]/Properties
^
D3/ 7'23
U-16,127.15
T-16,127.15
PMeadows 5 Banking Fee
LBanking Fees/Properties
^
D3/11'23
U-250,000.00
T-250,000.00
PKanoony Investment Jad 10%
L[Kanoony]/Transfer
^
D3/11'23
U-14,780.78
T-14,780.78
NTXFR
PCC Payment
LBills & Utilities:Credit Card Payment/Credit Card
^
D3/23'23
U3,262.67
T3,262.67
NDEP
PRVBD - Travel
LRVBD Travel/RVBD Expenses
^
D3/23'23
U-20,000.00
T-20,000.00
NTXFR
PCC Payment
LBills & Utilities:Credit Card Payment/Credit Card
^
D3/27'23
U-44,843.99
T-44,843.99
NTXFR
PCC Payment
LBills & Utilities:Credit Card Payment/Credit Card
^
D3/29'23
U-50,000.00
T-50,000.00
PTransfer To HSBC UAE
L[HSBC UAE]/Transfer
^
D3/29'23
U-1,099.01
T-1,099.01
PBlue Bolt
LRepairs & Maintenance/Properties
^
D4/ 1'23
U153,445.15
T153,445.15
NDEP
PRVBD - Salary
LNet Salary/Salary
^
D4/ 1'23
U57,588.93
T57,588.93
NDEP
PRVBD - Commission
LNet Salary/Salary
^
D4/ 1'23
U-20,000.00
T-20,000.00
PPersonal Exp - Doris
LEntertainment/Exp
^
D4/ 1'23
U-15,000.00
T-15,000.00
PATM Withdrawal
MBKOFAMERICA ATM 08/11 # WITHDRWL BROADWAY & 53RD ST NEW YORK NY
LCash & ATM/Exp
^
D4/ 1'23
U-1,679.00
T-1,679.00
PMaid
LContract Labor:Cleaning Service/Exp
^
D4/ 1'23
U-47,472.52
T-47,472.52
NTXFR
PCC Payment
LBills & Utilities:Credit Card Payment/Credit Card
^
D4/11'23
U-53,085.00
T-53,085.00
PPersonal Exp - Bill
LBills & Utilities:Credit Card Payment/Credit Card
^
D4/18'23
U-44,225.71
T-44,225.71
NTXFR
PCC Payment
LBills & Utilities:Credit Card Payment/Credit Card
^
D4/24'23
U25,460.18
T25,460.18
NDEP
PRVBD - Travel
LRVBD Travel/RVBD Expenses
^
D4/26'23
U1,056.25
T1,056.25
NDEP
PRVBD - Travel
LRVBD Travel/RVBD Expenses
^
D5/ 1'23
U153,445.15
T153,445.15
NDEP
PRVBD - Salary
LNet Salary/Salary
^
D5/ 1'23
U1,467.43
T1,467.43
NDEP
PRVBD - Commission
LNet Salary/Salary
^
D5/ 1'23
U-25,000.00
T-25,000.00
PPersonal Exp - Doris
LEntertainment/Exp
^
D5/ 1'23
U-1,679.00
T-1,679.00
PMaid
LContract Labor:Cleaning Service/Exp
^
D5/ 1'23
U-10,500.00
T-10,500.00
PMaid
LContract Labor:Cleaning Service/Exp
^
D5/ 4'23
U9,407.18
T9,407.18
NDEP
PRVBD - Travel
LRVBD Travel/RVBD Expenses
^
D5/ 4'23
U-25,000.00
T-25,000.00
PTransfer To Cash
L[Cash AED]/Transfer
^
D5/ 4'23
U-10.00
T-10.00
PBanking Fee
LBanking Fees/Exp
^
D5/ 5'23
U-35,962.56
T-35,962.56
PPersonal Exp - Bill
LBills & Utilities:Credit Card Payment/Credit Card
^
D5/ 9'23
U-44,299.32
T-44,299.32
NTXFR
PCC Payment
LBills & Utilities:Credit Card Payment/Credit Card
^
D5/18'23
U5,663.26
T5,663.26
NDEP
PRVBD - Travel
LRVBD Travel/RVBD Expenses
^
D5/20'23
U-28,307.88
T-28,307.88
NTXFR
PCC Payment
L[ENBD CC]/Credit Card
^
D5/23'23
U-56,962.50
T-56,962.50
PTransfer To ENBD
L[ENBD $]/Transfer
^
D5/26'23
U-31,312.43
T-31,312.43
PCredit Card Payment
MBANK OF AMERICA CREDIT CARD Bill Payment
LBills & Utilities:Credit Card Payment/Credit Card
^
D6/ 1'23
U153,445.15
T153,445.15
NDEP
PRVBD - Salary
LNet Salary/Salary
^
D6/ 1'23
U33,671.37
T33,671.37
NDEP
PRVBD - Commission
LNet Salary/Salary
^
D6/ 1'23
U-20,000.00
T-20,000.00
PPersonal Exp - Doris
LEntertainment/Exp
^
D6/ 1'23
U-1,679.00
T-1,679.00
PMaid
LContract Labor:Cleaning Service/Exp
^
D6/ 5'23
U-32,033.60
T-32,033.60
PPersonal Exp - Bill
LBills & Utilities:Credit Card Payment/Credit Card
^
D6/14'23
U-3,000.00
T-3,000.00
NTXFR
PCC Payment
LBills & Utilities:Credit Card Payment/Credit Card
^
D6/15'23
U1,080.74
T1,080.74
NDEP
PRVBD - Travel
LRVBD Travel/RVBD Expenses
^
D6/16'23
U-44,998.94
T-44,998.94
NTXFR
PCC Payment
LBills & Utilities:Credit Card Payment/Credit Card
^
D6/21'23
U366,500.00
T366,500.00
PTransfer To ENBD
L[ENBD $]/Transfer
^
D6/21'23
U-830.03
T-830.03
PTransfer To Global Cash
L[Global Cash]/Transfer
^
D6/21'23
U-525,000.00
T-525,000.00
PTaycan Payment
L[Taycan]/Transfer
^
D6/22'23
U-31.50
T-31.50
PBanking Fee
LBanking Fees/Exp
^
D6/27'23
U8,290.00
T8,290.00
PRefund Doris
LPersonal Care/Exp
^
D6/30'23
U-8,174.80
T-8,174.80
PTransfer To Global Cash
L[Global Cash]/Transfer
^
D7/ 1'23
U153,445.15
T153,445.15
NDEP
PRVBD - Salary
LNet Salary/Salary
^
D7/ 1'23
U26,275.33
T26,275.33
NDEP
PRVBD - Commission
LNet Salary/Salary
^
D7/ 1'23
U-10,000.00
T-10,000.00
PPersonal Exp - Doris
LEntertainment/Exp
^
D7/ 1'23
U-1,679.00
T-1,679.00
PMaid
LContract Labor:Cleaning Service/Exp
^
D7/ 5'23
U-43,368.24
T-43,368.24
PPersonal Exp - Bill
LBills & Utilities:Credit Card Payment/Credit Card
^
D7/ 5'23
U-8,172.56
T-8,172.56
PTransfer To Global Cash
L[Global Cash]/Transfer
^
D7/ 5'23
U-2,000.00
T-2,000.00
PTransfer To HSBC UAE
L[HSBC UAE]/Transfer
^
D7/ 6'23
U18,959.69
T18,959.69
NDEP
PRVBD - Travel
LRVBD Travel/RVBD Expenses
^
D7/10'23
U-60,000.00
T-60,000.00
PTransfer To Cash
L[Cash AED]/Transfer
^
D7/13'23
U-10,000.00
T-10,000.00
NTXFR
PCC Payment
LBills & Utilities:Credit Card Payment/Credit Card
^
D7/14'23
U-1,008.00
T-1,008.00
PBlue Bolt
LRepairs & Maintenance/Properties
^
D7/15'23
U73,320.00
T73,320.00
PTransfer To ENBD
L[ENBD $]/Transfer
^
D7/15'23
U-48,665.69
T-48,665.69
NTXFR
PCC Payment
LBills & Utilities:Credit Card Payment/Credit Card
^
D8/ 1'23
U153,445.15
T153,445.15
NDEP
PRVBD - Salary
LNet Salary/Salary
^
D8/ 1'23
U56,913.98
T56,913.98
NDEP
PRVBD - Commission
LNet Salary/Salary
^
D8/ 1'23
U10,000.00
T10,000.00
PTaycan - Downpayment Refund
LCar & Truck Expenses/Exp
^
D8/ 1'23
U-10,000.00
T-10,000.00
PPersonal Exp - Doris
LEntertainment/Exp
^
D8/ 1'23
U-73,580.00
T-73,580.00
PTransfer To ENBD
L[ENBD $]/Transfer
^
D8/ 1'23
U-1,679.00
T-1,679.00
PMaid
LContract Labor:Cleaning Service/Exp
^
D8/ 4'23
U11,637.47
T11,637.47
NDEP
PRVBD - Travel
LRVBD Travel/RVBD Expenses
^
D8/ 5'23
U-6,014.91
T-6,014.91
PPersonal Exp - Bill
LBills & Utilities:Credit Card Payment/Credit Card
^
D8/17'23
U-8,184.54
T-8,184.54
PTransfer To Global Cash
L[Global Cash]/Transfer
^
D8/24'23
U0.00
T0.00
NDEP
PRVBD - Travel
LRVBD Travel/RVBD Expenses
^
D9/ 1'23
U153,445.15
T153,445.15
NDEP
PRVBD - Salary
LNet Salary/Salary
^
D9/ 1'23
U22,772.04
T22,772.04
NDEP
PRVBD - Commission
LNet Salary/Salary
^
D9/ 1'23
U-20,000.00
T-20,000.00
PPersonal Exp - Doris
LEntertainment/Exp
^
D9/ 1'23
U-1,679.00
T-1,679.00
PMaid
LContract Labor:Cleaning Service/Exp
^
D9/ 4'23
U-45,311.41
T-45,311.41
PPersonal Exp - Bill
LBills & Utilities:Credit Card Payment/Credit Card
^
D9/ 6'23
U1,085.46
T1,085.46
NDEP
PRVBD - Travel
LRVBD Travel/RVBD Expenses
^
D9/ 6'23
U-30,000.00
T-30,000.00
PATM Withdrawal
MBKOFAMERICA ATM 08/11 # WITHDRWL BROADWAY & 53RD ST NEW YORK NY
LCash & ATM/Exp
^
D9/15'23
U6,342.93
T6,342.93
NDEP
PRVBD - Travel
LRVBD Travel/RVBD Expenses
^
D9/18'23
U-70,000.00
T-70,000.00
PATM Withdrawal
MBKOFAMERICA ATM 08/11 # WITHDRWL BROADWAY & 53RD ST NEW YORK NY
LCash & ATM/Exp
^
D9/21'23
U-10,000.00
T-10,000.00
PPersonal Exp - Doris
LEntertainment/Exp
^
D9/21'23
U-30,000.00
T-30,000.00
NTXFR
PCC Payment
LBills & Utilities:Credit Card Payment/Credit Card
^
D10/ 1'23
U153,445.15
T153,445.15
NDEP
PRVBD - Salary
LNet Salary/Salary
^
D10/ 1'23
U27,359.79
T27,359.79
NDEP
PRVBD - Commission
LNet Salary/Salary
^
D10/ 1'23
U-1,679.00
T-1,679.00
PMaid
LContract Labor:Cleaning Service/Exp
^
D10/ 1'23
U-20,000.00
T-20,000.00
PPersonal Exp - Doris
LEntertainment/Exp
^
D10/ 4'23
U-30,259.87
T-30,259.87
NTXFR
PCC Payment
LBills & Utilities:Credit Card Payment/Credit Card
^
D10/ 5'23
U1,061.88
T1,061.88
NDEP
PRVBD - Travel
LRVBD Travel/RVBD Expenses
^
D10/ 5'23
U-17,632.80
T-17,632.80
PPersonal Exp - Bill
LBills & Utilities:Credit Card Payment/Credit Card
^
D10/12'23
U1,073.02
T1,073.02
NDEP
PRVBD - Travel
LRVBD Travel/RVBD Expenses
^
D10/13'23
U-33,204.70
T-33,204.70
NTXFR
PCC Payment
LBills & Utilities:Credit Card Payment/Credit Card
^
D10/20'23
U-28,083.59
T-28,083.59
NTXFR
PCC Payment
LBills & Utilities:Credit Card Payment/Credit Card
^
D10/24'23
U0.00
T0.00
NDEP
PRVBD - Travel
LRVBD Travel/RVBD Expenses
^
D10/24'23
U-5,512.50
T-5,512.50
PBlue Bolt
LRepairs & Maintenance/Properties
^
D10/29'23
U-4,598.38
T-4,598.38
PVacation
LTravel:Vacation/Vacation
^
D11/ 1'23
U153,445.15
T153,445.15
NDEP
PRVBD - Salary
LNet Salary/Salary
^
D11/ 1'23
U96,888.05
T96,888.05
NDEP
PRVBD - Commission
LNet Salary/Salary
^
D11/ 1'23
U-20,000.00
T-20,000.00
PPersonal Exp - Doris
LEntertainment/Exp
^
D11/ 1'23
U-1,679.00
T-1,679.00
PMaid
LContract Labor:Cleaning Service/Exp
^
D11/ 1'23
U-4,576.69
T-4,576.69
PVacation
LTravel:Vacation/Vacation
^
D11/ 4'23
U-4,673.82
T-4,673.82
PVacation
LTravel:Vacation/Vacation
^
D11/ 5'23
U-43,299.99
T-43,299.99
PPersonal Exp - Bill
LBills & Utilities:Credit Card Payment/Credit Card
^
D11/ 7'23
U-2,215.98
T-2,215.98
PKatie Counselor
LEducation/School
^
D11/10'23
U-6,027.71
T-6,027.71
PVacation
LEntertainment/Vacation
^
D11/12'23
U-4,022.16
T-4,022.16
PVacation
LTravel:Vacation/Vacation
^
D11/13'23
U-8,044.32
T-8,044.32
PVacation
LEntertainment/Vacation
^
D11/16'23
U13,752.95
T13,752.95
NDEP
PRVBD - Travel
LRVBD Travel/RVBD Expenses
^
D11/16'23
U-29,480.37
T-29,480.37
NTXFR
PCC Payment
LBills & Utilities:Credit Card Payment/Credit Card
^
D11/23'23
U-2,500.00
T-2,500.00
PVacation
LTravel:Vacation/Vacation
^
D11/25'23
U-750.00
T-750.00
PKatie Counselor
LEducation/School
^
D11/27'23
U-894.00
T-894.00
PPersonal Exp - Monthly
LEntertainment/Exp
^
D12/ 1'23
U153,445.15
T153,445.15
NDEP
PRVBD - Salary
LNet Salary/Salary
^
D12/ 1'23
U25,694.11
T25,694.11
NDEP
PRVBD - Commission
LNet Salary/Salary
^
D12/ 1'23
U-30,000.00
T-30,000.00
PPersonal Exp - Doris
LEntertainment/Exp
^
D12/ 1'23
U-1,679.00
T-1,679.00
PMaid
LContract Labor:Cleaning Service/Exp
^
D12/ 5'23
U-27,882.17
T-27,882.17
PPersonal Exp - Bill
LBills & Utilities:Credit Card Payment/Credit Card
^
D12/ 7'23
U-31.50
T-31.50
PBanking Fee
LBanking Fees/Exp
^
D12/10'23
U-4,052.14
T-4,052.14
PVacation
LTravel:Vacation/Vacation
^
D12/11'23
U-37,047.79
T-37,047.79
NTXFR
PCC Payment
LBills & Utilities:Credit Card Payment/Credit Card
^
D12/14'23
U-8,212.28
T-8,212.28
PVacation
LTravel:Vacation/Vacation
^
D12/14'23
U-8,262.48
T-8,262.48
PVacation
LEntertainment/Vacation
^
D12/14'23
U-1,975.35
T-1,975.35
PKatie Counselor
LEducation/School
^
D12/15'23
U14,147.18
T14,147.18
NDEP
PRVBD - Travel
LRVBD Travel/RVBD Expenses
^
D12/18'23
U-40,151.25
T-40,151.25
NTXFR
PCC Payment
LBills & Utilities:Credit Card Payment/Credit Card
^
D12/21'23
U-367,900.00
T-367,900.00
PTransfer To CS
L[CS]/Transfer
^
D12/29'23
U-34,298.52
T-34,298.52
NTXFR
PCC Payment
LBills & Utilities:Credit Card Payment/Credit Card
^
D1/ 1'24
U153,445.15
T153,445.15
NDEP
PRVBD - Salary
LNet Salary/Salary
^
D1/ 1'24
U85,061.88
T85,061.88
NDEP
PRVBD - Commission
LNet Salary/Salary
^
D1/ 1'24
U-20,000.00
T-20,000.00
PPersonal Exp - Doris
LEntertainment/Exp
^
D1/ 1'24
U-1,679.00
T-1,679.00
PMaid
LContract Labor:Cleaning Service/Exp
^
D1/ 5'24
U-32,494.52
T-32,494.52
PPersonal Exp - Bill
LBills & Utilities:Credit Card Payment/Credit Card
^
D1/14'24
U-46,157.75
T-46,157.75
NTXFR
PCC Payment
LBills & Utilities:Credit Card Payment/Credit Card
^
D1/15'24
U-5,234.25
T-5,234.25
PBlue Bolt
LRepairs & Maintenance/Properties
^
D1/15'24
U-26,831.29
T-26,831.29
NTXFR
PCC Payment
LBills & Utilities:Credit Card Payment/Credit Card
^
D1/22'24
U-2,631.18
T-2,631.18
PKatie Counselor
LEducation/School
^
D2/ 1'24
U153,445.15
T153,445.15
NDEP
PRVBD - Salary
LNet Salary/Salary
^
D2/ 1'24
U220,238.95
T220,238.95
NDEP
PRVBD - Commission
LNet Salary/Salary
^
D2/ 1'24
U-20,000.00
T-20,000.00
PPersonal Exp - Doris
LEntertainment/Exp
^
D2/ 1'24
U-1,679.00
T-1,679.00
PMaid
LContract Labor:Cleaning Service/Exp
^
D2/ 3'24
U1,099.57
T1,099.57
NDEP
PRVBD - Travel
LRVBD Travel/RVBD Expenses
^
D2/ 5'24
U-35,726.25
T-35,726.25
PPersonal Exp - Bill
LBills & Utilities:Credit Card Payment/Credit Card
^
D2/ 5'24
U-1,000.00
T-1,000.00
PKatie Counselor
LEducation/School
^
D2/24'24
U12,647.76
T12,647.76
NDEP
PRVBD - Travel
LRVBD Travel/RVBD Expenses
^
D2/28'24
U-6,800.00
T-6,800.00
PKevin Football Trip
LTravel:Vacation/Exp
^
D2/28'24
U-367,500.00
T-367,500.00
PTransfer To ENBD
L[ENBD $]/Transfer
^
D3/ 1'24
U153,445.15
T153,445.15
NDEP
PRVBD - Salary
LNet Salary/Salary
^
D3/ 1'24
U64,272.25
T64,272.25
NDEP
PRVBD - Commission
LNet Salary/Salary
^
D3/ 1'24
U-25,000.00
T-25,000.00
PPersonal Exp - Doris
LEntertainment/Exp
^
D3/ 1'24
U-1,679.00
T-1,679.00
PMaid
LContract Labor:Cleaning Service/Exp
^
D3/ 5'24
U-21,987.06
T-21,987.06
PKatie Counselor
LEducation/School
^
D3/ 5'24
U-47,766.04
T-47,766.04
PPersonal Exp - Bill
LBills & Utilities:Credit Card Payment/Credit Card
^
D3/ 7'24
U8,555.65
T8,555.65
NDEP
PRVBD - Travel
LRVBD Travel/RVBD Expenses
^
D3/12'24
U-7,175.00
T-7,175.00
PEDKK
LFees & Charges/EDKK
^
D3/14'24
U-100,000.00
T-100,000.00
PRange Rover
LCar & Truck Expenses/Car
^
D3/24'24
U0.00
T0.00
NDEP
PRVBD - Travel
LRVBD Travel/RVBD Expenses
^
D4/ 1'24
U153,445.15
T153,445.15
NDEP
PRVBD - Salary
LNet Salary/Salary
^
D4/ 1'24
U5,172.47
T5,172.47
NDEP
PRVBD - Commission
LNet Salary/Salary
^
D4/ 1'24
U-20,000.00
T-20,000.00
PPersonal Exp - Doris
LEntertainment/Exp
^
D4/ 1'24
U-1,679.00
T-1,679.00
PMaid
LContract Labor:Cleaning Service/Exp
^
D4/ 5'24
U-67,903.49
T-67,903.49
PPersonal Exp - Bill
LBills & Utilities:Credit Card Payment/Credit Card
^
D4/ 5'24
U-14,837.58
T-14,837.58
PKatie Counselor
LEducation/School
^
D4/ 9'24
U-35,000.00
T-35,000.00
PTransfer To Cash
L[Cash AED]/Transfer
^
D4/11'24
U-22,000.00
T-22,000.00
NTXFR
PCC Payment
LBills & Utilities:Credit Card Payment/Credit Card
^
D4/18'24
U-20,000.00
T-20,000.00
NTXFR
PCC Payment
LBills & Utilities:Credit Card Payment/Credit Card
^
D4/23'24
U-6,000.00
T-6,000.00
NTXFR
PCC Payment
LBills & Utilities:Credit Card Payment/Credit Card
^
D4/24'24
U12,867.97
T12,867.97
NDEP
PRVBD - Travel
LRVBD Travel/RVBD Expenses
^
D4/26'24
U-10,000.00
T-10,000.00
NTXFR
PCC Payment
LBills & Utilities:Credit Card Payment/Credit Card
^
D4/28'24
U-12,078.87
T-12,078.87
PPoker
LEntertainment/Exp
^
D5/ 1'24
U153,445.15
T153,445.15
NDEP
PRVBD - Salary
LNet Salary/Salary
^
D5/ 1'24
U110,299.03
T110,299.03
NDEP
PRVBD - Commission
LNet Salary/Salary
^
D5/ 1'24
U-20,000.00
T-20,000.00
PPersonal Exp - Doris
LEntertainment/Exp
^
D5/ 1'24
U-1,679.00
T-1,679.00
PMaid
LContract Labor:Cleaning Service/Exp
^
D5/ 1'24
U-40,000.00
T-40,000.00
NTXFR
PCC Payment
LBills & Utilities:Credit Card Payment/Credit Card
^
D5/ 2'24
U11,453.15
T11,453.15
NDEP
PRVBD - Travel
LRVBD Travel/RVBD Expenses
^
D5/ 4'24
U-42,663.00
T-42,663.00
PRange Rover Loan Payment
LCar & Truck Expenses/Car
^
D5/ 5'24
U-39,623.05
T-39,623.05
PPersonal Exp - Bill
LBills & Utilities:Credit Card Payment/Credit Card
^
D5/12'24
U-39,373.19
T-39,373.19
NTXFR
PCC Payment
LBills & Utilities:Credit Card Payment/Credit Card
^
D5/16'24
U13,949.42
T13,949.42
NDEP
PRVBD - Travel
LRVBD Travel/RVBD Expenses
^
D5/21'24
U-31,133.89
T-31,133.89
NTXFR
PCC Payment
LBills & Utilities:Credit Card Payment/Credit Card
^
D5/22'24
U-1,250.00
T-1,250.00
PKatie Counselor
LEducation/School
^
D5/24'24
U5,692.79
T5,692.79
NDEP
PRVBD - Travel
LRVBD Travel/RVBD Expenses
^
D5/25'24
U-27,000.00
T-27,000.00
NTXFR
PCC Payment
LBills & Utilities:Credit Card Payment/Credit Card
^
D5/29'24
U-4,851.97
T-4,851.97
PPoker
LEntertainment/Exp
^
D6/ 1'24
U153,445.15
T153,445.15
NDEP
PRVBD - Salary
LNet Salary/Salary
^
D6/ 1'24
U8,314.16
T8,314.16
NDEP
PRVBD - Commission
LNet Salary/Salary
^
D6/ 1'24
U-30,000.00
T-30,000.00
PPersonal Exp - Doris
LEntertainment/Exp
^
D6/ 1'24
U-1,679.00
T-1,679.00
PMaid
LContract Labor:Cleaning Service/Exp
^
D6/ 1'24
U-48,192.85
T-48,192.85
PPersonal Exp - Bill
LBills & Utilities:Credit Card Payment/Credit Card
^
D6/ 1'24
U-692.00
T-692.00
PMaid
LContract Labor:Cleaning Service/Exp
^
D6/ 5'24
U-42,663.00
T-42,663.00
NSched
PRange Loan
L--Split--
S[Range Loan]
$-40,864.83
SLoan Payment:Interest
$-1,798.17
^
D6/20'24
U405,003.15
T405,003.15
PTaycan Sold
L[Taycan]/Car
^
D6/20'24
U-39,000.00
T-39,000.00
NTXFR
PCC Payment
LBills & Utilities:Credit Card Payment/Credit Card
^
D6/24'24
U15,922.31
T15,922.31
NDEP
PRVBD - Travel
LRVBD Travel/RVBD Expenses
^
D6/29'24
U-21,250.00
T-21,250.00
PThe Lakes - Security Deposit
L[Lakes Deposit]/Transfer
^
D7/ 1'24
U153,445.15
T153,445.15
NDEP
PRVBD - Salary
LNet Salary/Salary
^
D7/ 1'24
U37,426.60
T37,426.60
NDEP
PRVBD - Commission
LNet Salary/Salary
^
D7/ 1'24
U-20,000.00
T-20,000.00
PPersonal Exp - Doris
LEntertainment/Exp
^
D7/ 1'24
U-1,679.00
T-1,679.00
PMaid
LContract Labor:Cleaning Service/Exp
^
D7/ 4'24
U-1,445.10
T-1,445.10
PVacation
LEntertainment/Vacation
^
D7/ 5'24
U-42,663.00
T-42,663.00
NSched
PRange Loan
L--Split--
S[Range Loan]
$-40,864.82
SLoan Payment:Interest
$-1,798.18
^
D7/ 5'24
U-202,250.00
T-202,250.00
PPersonal Exp - Bill
LBills & Utilities:Credit Card Payment/Credit Card
^
D7/ 5'24
U-480.86
T-480.86
PVacation
LEntertainment/Vacation
^
D7/11'24
U9,614.16
T9,614.16
NDEP
PRVBD - Travel
LRVBD Travel/RVBD Expenses
^
D7/24'24
U1,126.92
T1,126.92
NDEP
PRVBD - Travel
LRVBD Travel/RVBD Expenses
^
D7/30'24
U11,748,000.00
T11,748,000.00
PMeadows - Sell
L[Meadows 5]
^
D8/ 1'24
U153,445.15
T153,445.15
NDEP
PRVBD - Salary
LNet Salary/Salary
^
D8/ 1'24
U71,237.39
T71,237.39
NDEP
PRVBD - Commission
LNet Salary/Salary
^
D8/ 1'24
U0.00
T0.00
PPersonal Exp - Doris
LEntertainment/Exp
^
D8/ 1'24
U-1,679.00
T-1,679.00
PMaid
LContract Labor:Cleaning Service/Exp
^
D8/ 1'24
U-11760000.00
T-11760000.00
PTransfer To CS
L[CS]/Transfer
^
D8/ 1'24
U-100.00
T-100.00
PBanking Fee
LBanking Fees/Exp
^
D8/ 3'24
U-54,000.00
T-54,000.00
PATM Withdrawal
MBKOFAMERICA ATM 08/11 # WITHDRWL BROADWAY & 53RD ST NEW YORK NY
LCash & ATM/Exp
^
D8/ 5'24
U-30,000.00
T-30,000.00
PPersonal Exp - Bill
LBills & Utilities:Credit Card Payment/Credit Card
^
D8/ 5'24
U-42,663.00
T-42,663.00
NSched
PRange Loan
L--Split--
S[Range Loan]/Car
$-41,813.24
SLoan Payment:Interest/Car
$-849.76
^
D8/10'24
U-10,000.00
T-10,000.00
PPersonal Exp - Doris
LEntertainment/Exp
^
D8/16'24
U-39,000.00
T-39,000.00
NTXFR
PCC Payment
L[ENBD CC]/Credit Card
^
D8/21'24
U-1,309.34
T-1,309.34
PKatie Counselor
LEducation/School
^
D8/24'24
U0.00
T0.00
NDEP
PRVBD - Travel
LRVBD Travel/RVBD Expenses
^
D8/26'24
U-78,901.10
T-78,901.10
NTXFR
PCC Payment
L[ENBD CC]/Credit Card
^
D8/27'24
U-30,000.00
T-30,000.00
NTXFR
PCC Payment
L[ENBD CC]/Credit Card
^
D8/30'24
U-40,000.00
T-40,000.00
NTXFR
PCC Payment
L[ENBD CC]/Credit Card
^
D9/ 1'24
U23,682.25
T23,682.25
NDEP
PRVBD - Commission
LNet Salary/Salary
^
D9/ 1'24
U153,445.15
T153,445.15
NDEP
PRVBD - Salary
LNet Salary/Salary
^
D9/ 1'24
U-20,000.00
T-20,000.00
PPersonal Exp - Doris
LEntertainment/Exp
^
D9/ 1'24
U-162,500.00
T-162,500.00
PThe Lakes - Rent
LHome:Mortgage & Rent/Rent
^
D9/ 1'24
U-1,679.00
T-1,679.00
PMaid
LContract Labor:Cleaning Service/Exp
^
D9/ 2'24
U-21,044.85
T-21,044.85
PTransfer To Cash
L[Cash $]/Transfer
^
D9/ 5'24
U6,230.26
T6,230.26
NDEP
PRVBD - Travel
LRVBD Travel/RVBD Expenses
^
D9/ 5'24
U-42,663.00
T-42,663.00
NSched
PRange Loan
L--Split--
S[Range Loan]/Car
$-41,813.24
SLoan Payment:Interest/Car
$-849.76
^
D9/ 5'24
U-40,000.00
T-40,000.00
PPersonal Exp - Bill
LBills & Utilities:Credit Card Payment/Credit Card
^
D9/12'24
U1,099.10
T1,099.10
NDEP
PRVBD - Travel
LRVBD Travel/RVBD Expenses
^
D9/17'24
U-10,000.00
T-10,000.00
PPersonal Exp - Doris
LEntertainment/Exp
^
D9/24'24
U1,086.14
T1,086.14
NDEP
PRVBD - Travel
LRVBD Travel/RVBD Expenses
^
D9/27'24
U-40,000.00
T-40,000.00
NTXFR
PCC Payment
L[ENBD CC]/Credit Card
^
D10/ 1'24
U19,582.83
T19,582.83
NDEP
PRVBD - Commission
LNet Salary/Salary
^
D10/ 1'24
U153,445.15
T153,445.15
NDEP
PRVBD - Salary
LNet Salary/Salary
^
D10/ 1'24
U-20,000.00
T-20,000.00
PPersonal Exp - Doris
LEntertainment/Exp
^
D10/ 1'24
U-1,679.00
T-1,679.00
PMaid
LContract Labor:Cleaning Service/Exp
^
D10/ 5'24
U-35,000.00
T-35,000.00
PPersonal Exp - Bill
LBills & Utilities:Credit Card Payment/Credit Card
^
D10/ 5'24
U-42,663.00
T-42,663.00
NSched
PRange Loan
L--Split--
S[Range Loan]/Car
$-41,813.25
SLoan Payment:Interest/Car
$-849.75
^
D10/13'24
U-47,500.00
T-47,500.00
NTXFR
PCC Payment
L[ENBD CC]/Credit Card
^
D10/24'24
U18,474.07
T18,474.07
NDEP
PRVBD - Travel
LRVBD Travel/RVBD Expenses
^
D10/25'24
U-39,000.00
T-39,000.00
NTXFR
PCC Payment
L[ENBD CC]/Credit Card
^
D10/30'24
U-203,530.00
T-203,530.00
PPorsche 911
L[Porsche 911]/Car
^
D10/30'24
U-30,000.00
T-30,000.00
NTXFR
PCC Payment
L[ENBD CC]/Credit Card
^
D10/31'24
U5,242.38
T5,242.38
NDEP
PRVBD - Travel
LRVBD Travel/RVBD Expenses
^
D11/ 1'24
U71,398.03
T71,398.03
NDEP
PRVBD - Commission
LNet Salary/Salary
^
D11/ 1'24
U153,445.15
T153,445.15
NDEP
PRVBD - Salary
LNet Salary/Salary
^
D11/ 1'24
U-20,000.00
T-20,000.00
PPersonal Exp - Doris
LEntertainment/Exp
^
D11/ 1'24
U-1,679.00
T-1,679.00
PMaid
LContract Labor:Cleaning Service/Exp
^
D11/ 5'24
U-42,663.00
T-42,663.00
NSched
PRange Loan
L--Split--
S[Range Loan]/Car
$-41,813.24
SLoan Payment:Interest/Car
$-849.76
^
D11/ 5'24
U-10,000.00
T-10,000.00
PPersonal Exp - Bill
LBills & Utilities:Credit Card Payment/Credit Card
^
D11/15'24
U-3,679.00
T-3,679.00
PTransfer To BoA
LBusiness Transfer/Transfer
^
D11/18'24
U-10,000.00
T-10,000.00
NTXFR
PCC Payment
L[ENBD CC]/Credit Card
^
D11/19'24
U-420.00
T-420.00
PKatie Counselor
LEducation/School
^
D11/21'24
U-6,000.00
T-6,000.00
NTXFR
PCC Payment
LBills & Utilities:Credit Card Payment/Credit Card
^
D11/21'24
U-6,500.00
T-6,500.00
NTXFR
PCC Payment
LBills & Utilities:Credit Card Payment/Credit Card
^
D11/24'24
U1,556.93
T1,556.93
NDEP
PRVBD - Travel
LRVBD Travel/RVBD Expenses
^
D11/30'24
U42,500.00
T42,500.00
PTransfer To ENBD
L[Cash AED]/Transfer
^
D11/30'24
U-45,000.00
T-45,000.00
NTXFR
PCC Payment
LBills & Utilities:Credit Card Payment/Credit Card
^
D12/ 1'24
U9,031.80
T9,031.80
NDEP
PRVBD - Commission
LNet Salary/Salary
^
D12/ 1'24
U153,445.15
T153,445.15
NDEP
PRVBD - Salary
LNet Salary/Salary
^
D12/ 1'24
U-30,000.00
T-30,000.00
PPersonal Exp - Doris
LEntertainment/Exp
^
D12/ 1'24
U-1,679.00
T-1,679.00
PMaid
LContract Labor:Cleaning Service/Exp
^
D12/ 5'24
U-42,663.00
T-42,663.00
NSched
PRange Loan
L--Split--
S[Range Loan]/Car
$-41,813.24
SLoan Payment:Interest/Car
$-849.76
^
D12/ 5'24
U-30,000.00
T-30,000.00
PPersonal Exp - Bill
LBills & Utilities:Credit Card Payment/Credit Card
^
D12/ 6'24
U6,013.10
T6,013.10
NDEP
PRVBD - Travel
LRVBD Travel/RVBD Expenses
^
D12/16'24
U-19,549.15
T-19,549.15
NTXFR
PCC Payment
LBills & Utilities:Credit Card Payment/Credit Card
^
D12/20'24
U-40,000.00
T-40,000.00
NTXFR
PCC Payment
LBills & Utilities:Credit Card Payment/Credit Card
^
D12/24'24
U27,804.29
T27,804.29
NDEP
PRVBD - Travel
LRVBD Travel/RVBD Expenses
^
D12/28'24
U-400.00
T-400.00
PTransfer To HSBC UAE
L[HSBC UAE]/Transfer
^
D12/30'24
U-500.00
T-500.00
PKatie Counselor
LEducation/School
^
D1/ 1'25
U36,932.70
T36,932.70
NDEP
PRVBD - Commission
LNet Salary/Salary
^
D1/ 1'25
U153,445.15
T153,445.15
NDEP
PRVBD - Salary
LNet Salary/Salary
^
D1/ 1'25
U-20,000.00
T-20,000.00
PPersonal Exp - Doris
LEntertainment/Exp
^
D1/ 1'25
U-1,679.00
T-1,679.00
PMaid
LContract Labor:Cleaning Service/Exp
^
D1/ 3'25
U16,146.26
T16,146.26
NDEP
PRVBD - Travel
LRVBD Travel/RVBD Expenses
^
D1/ 5'25
U-40,000.00
T-40,000.00
PPersonal Exp - Bill
LBills & Utilities:Credit Card Payment/Credit Card
^
D1/ 5'25
U-42,663.00
T-42,663.00
NSched
PRange Loan
L--Split--
S[Range Loan]/Car
$-41,813.25
SLoan Payment:Interest/Car
$-849.75
^
D1/ 5'25
U-46,500.00
T-46,500.00
NTXFR
PCC Payment
LBills & Utilities:Credit Card Payment/Credit Card
^
D1/ 5'25
U-34,197.00
T-34,197.00
P911 First Loan Payment
LLoan Payment/Car
^
D1/11'25
U-19,370.00
T-19,370.00
PIE - Katie
LEducation:Tuition/IE
^
D1/13'25
U-30,000.00
T-30,000.00
PTransfer To Cash
L[Cash $]/Transfer
^
D1/18'25
U-100.00
T-100.00
PTransfer To HSBC UAE
L[HSBC UAE]/Transfer
^
D2/ 1'25
U153,445.15
T153,445.15
NDEP
PRVBD - Salary
LNet Salary/Salary
^
D2/ 1'25
U229,154.01
T229,154.01
NDEP
PRVBD - Commission
LNet Salary/Salary
^
D2/ 1'25
U-20,000.00
T-20,000.00
PPersonal Exp - Doris
LEntertainment/Exp
^
D2/ 1'25
U-1,679.00
T-1,679.00
PMaid
LContract Labor:Cleaning Service/Exp
^
D2/ 4'25
U2,139.64
T2,139.64
NDEP
PRVBD - Travel
LRVBD Travel/RVBD Expenses
^
D2/ 5'25
U-37,616.30
T-37,616.30
PPersonal Exp - Bill
LBills & Utilities:Credit Card Payment/Credit Card
^
D2/ 5'25
U-128,033.63
T-128,033.63
NSched
PRange Loan
L--Split--
S[Range Loan]
$-126,555.06
SLoan Payment:Interest
$-1,478.57
^
D2/ 5'25
U-34,197.00
T-34,197.00
NSched
PPrsche Loan
L--Split--
S[Prsche Loan]/Car
$-32,911.61
SAuto & Transport:Auto Payment:Interest/Car
$-1,221.50
S[Prsche Loan]/Car
$-63.89
SAuto & Transport:Auto Payment/Car
$0.00
^
D2/ 6'25
U5,177.92
T5,177.92
NDEP
PRVBD - Travel
LRVBD Travel/RVBD Expenses
^
D2/10'25
U15,000.00
T15,000.00
NDEP
PKanoony
LNet Salary/Salary
^
D2/12'25
U916,500.00
T916,500.00
PTransfer To ENBD
L[ENBD $]/Transfer
^
D2/12'25
U-39,500.00
T-39,500.00
NTXFR
PCC Payment
LBills & Utilities:Credit Card Payment/Credit Card
^
D2/12'25
U-943,395.80
T-943,395.80
PMarina - Downpayment & Fees
LHome/Properties
^
D2/21'25
U-30,000.00
T-30,000.00
PMarina - Renovation
LHome:Home Improvement/Properties
^
D2/22'25
U-46,000.00
T-46,000.00
NTXFR
PCC Payment
LBills & Utilities:Credit Card Payment/Credit Card
^
D2/24'25
U0.00
T0.00
NDEP
PRVBD - Travel
LRVBD Travel/RVBD Expenses
^
D3/ 1'25
U153,445.15
T153,445.15
NDEP
PRVBD - Salary
LNet Salary/Salary
^
D3/ 1'25
U42,591.96
T42,591.96
NDEP
PRVBD - Commission
LNet Salary/Salary
^
D3/ 1'25
U-25,000.00
T-25,000.00
PPersonal Exp - Doris
LEntertainment/Exp
^
D3/ 1'25
U-212,500.00
T-212,500.00
PThe Lakes - Rent
LHome:Mortgage & Rent/Rent
^
D3/ 1'25
U-1,679.00
T-1,679.00
PMaid
LContract Labor:Cleaning Service/Exp
^
D3/ 3'25
U73,320.00
T73,320.00
PTransfer To ENBD
L[ENBD $]/Transfer
^
D3/ 5'25
U-34,197.00
T-34,197.00
NSched
PPrsche Loan
L--Split--
S[Prsche Loan]/Car
$-32,911.61
SAuto & Transport:Auto Payment:Interest/Car
$-1,221.50
S[Prsche Loan]/Car
$-63.89
^
D3/ 5'25
U-39,000.00
T-39,000.00
PPersonal Exp - Bill
LBills & Utilities:Credit Card Payment/Credit Card
^
D3/ 6'25
U-10,678.57
T-10,678.57
PMarina - Renovation
LHome:Home Improvement/Properties
^
D3/ 8'25
U109,980.00
T109,980.00
PTransfer To ENBD
L[ENBD $]/Transfer
^
D3/ 8'25
U-40,000.00
T-40,000.00
PATM Withdrawal
MBKOFAMERICA ATM 08/11 # WITHDRWL BROADWAY & 53RD ST NEW YORK NY
LCash & ATM/Exp
^
D3/10'25
U15,000.00
T15,000.00
NDEP
PKanoony
LNet Salary/Salary
^
D3/10'25
U-533.93
T-533.93
PMarina - Renovation
LHome:Home Improvement/Properties
^
D3/10'25
U-3,390.00
T-3,390.00
PGold Visa
LFees & Charges/Exp
^
D3/16'25
U-820.00
T-820.00
PKatie Counselor
LEducation/School
^
D3/24'25
U1,023.65
T1,023.65
NDEP
PRVBD - Travel
LRVBD Travel/RVBD Expenses
^
D3/27'25
U-27,726.53
T-27,726.53
PMarina - Mortgage
LHome:Mortgage/Properties
^
D3/30'25
U-90,000.00
T-90,000.00
NTXFR
PCC Payment
LBills & Utilities:Credit Card Payment/Credit Card
^
D4/ 1'25
U153,445.15
T153,445.15
NDEP
PRVBD - Salary
LNet Salary/Salary
^
D4/ 1'25
U21,295.98
T21,295.98
NDEP
PRVBD - Commission
LNet Salary/Salary
^
D4/ 1'25
U-25,000.00
T-25,000.00
PPersonal Exp - Doris
LEntertainment/Exp
^
D4/ 1'25
U-1,679.00
T-1,679.00
PMaid
LContract Labor:Cleaning Service/Exp
^
D4/ 5'25
U-30,000.00
T-30,000.00
PPersonal Exp - Bill
LBills & Utilities:Credit Card Payment/Credit Card
^
D4/ 5'25
U-34,197.00
T-34,197.00
NSched
PPrsche Loan
L--Split--
S[Prsche Loan]/Car
$-33,032.52
SAuto & Transport:Auto Payment:Interest/Car
$-1,100.59
S[Prsche Loan]/Car
$-63.89
^
D4/10'25
U15,000.00
T15,000.00
NDEP
PKanoony
LNet Salary/Salary
^
D4/12'25
U-10,000.00
T-10,000.00
NTXFR
PCC Payment
LBills & Utilities:Credit Card Payment/Credit Card
^
D4/12'25
U-840.00
T-840.00
PBlue Bolt
LRepairs & Maintenance/Properties
^
D4/16'25
U-10,000.00
T-10,000.00
NTXFR
PCC Payment
LBills & Utilities:Credit Card Payment/Credit Card
^
D4/24'25
U1,823.65
T1,823.65
NDEP
PRVBD - Travel
LRVBD Travel/RVBD Expenses
^
D4/25'25
U-25,000.00
T-25,000.00
PATM Withdrawal
MBKOFAMERICA ATM 08/11 # WITHDRWL BROADWAY & 53RD ST NEW YORK NY
LCash & ATM/Exp
^
D4/26'25
U-350.00
T-350.00
PKatie Counselor
LEducation/School
^
D4/27'25
U-27,724.79
T-27,724.79
PMarina - Mortgage
LHome:Mortgage/Properties
^
D5/ 1'25
U153,445.15
T153,445.15
NDEP
PRVBD - Salary
LNet Salary/Salary
^
D5/ 1'25
U254,539.66
T254,539.66
NDEP
PRVBD - Commission
LNet Salary/Salary
^
D5/ 1'25
U-1,679.00
T-1,679.00
PMaid
LContract Labor:Cleaning Service/Exp
^
D5/ 1'25
U-25,000.00
T-25,000.00
PPersonal Exp - Doris
LEntertainment/Exp
^
D5/ 3'25
U-350.00
T-350.00
PKatie Counselor
LEducation/School
^
D5/ 5'25
U-43,000.00
T-43,000.00
PPersonal Exp - Bill
LBills & Utilities:Credit Card Payment/Credit Card
^
D5/ 5'25
U-34,197.00
T-34,197.00
NSched
PPrsche Loan
L--Split--
S[Prsche Loan]/Car
$-33,153.87
SAuto & Transport:Auto Payment:Interest/Car
$-979.24
S[Prsche Loan]/Car
$-63.89
^
D5/13'25
U-1,333.30
T-1,333.30
PKatie Counselor
LEducation/School
^
D5/17'25
U-27,000.00
T-27,000.00
NTXFR
PCC Payment
LBills & Utilities:Credit Card Payment/Credit Card
^
D5/24'25
U16,060.96
T16,060.96
NDEP
PRVBD - Travel
LRVBD Travel/RVBD Expenses
^
D5/27'25
U-27,722.29
T-27,722.29
PMarina - Mortgage
LHome:Mortgage/Properties
^
D6/ 1'25
U153,445.15
T153,445.15
NDEP
PRVBD - Salary
LNet Salary/Salary
^
D6/ 1'25
U35,894.79
T35,894.79
NDEP
PRVBD - Commission
LNet Salary/Salary
^
D6/ 1'25
U110,000.00
T110,000.00
NDEP
PMarina - Rent
LRent & Lease/Properties
^
D6/ 1'25
U-25,000.00
T-25,000.00
PPersonal Exp - Doris
LEntertainment/Exp
^
D6/ 1'25
U-1,679.00
T-1,679.00
PMaid
LContract Labor:Cleaning Service/Exp
^
D6/ 2'25
U11,000.00
T11,000.00
PMarina - Rent Security Deposit
LRent & Lease/Properties
^
D6/ 2'25
U-10,500.00
T-10,500.00
PMaid
LContract Labor:Cleaning Service/Exp
^
D6/ 5'25
U-55,000.00
T-55,000.00
PPersonal Exp - Bill
LBills & Utilities:Credit Card Payment/Credit Card
^
D6/ 5'25
U-45,000.00
T-45,000.00
NTXFR
PCC Payment
LBills & Utilities:Credit Card Payment/Credit Card
^
D6/ 5'25
U-34,197.00
T-34,197.00
NSched
PPrsche Loan
L--Split--
S[Prsche Loan]/Car
$-33,275.67
SAuto & Transport:Auto Payment:Interest/Car
$-857.44
S[Prsche Loan]/Car
$-63.89
^
D6/ 9'25
U5,223.79
T5,223.79
NDEP
PRVBD - Travel
LRVBD Travel/RVBD Expenses
^
D6/11'25
U-1,800.00
T-1,800.00
PKatie Counselor
LEducation/School
^
D6/12'25
U-40,000.00
T-40,000.00
NTXFR
PCC Payment
LBills & Utilities:Credit Card Payment/Credit Card
^
D6/12'25
U-892.50
T-892.50
PLakes - Maintenance
LHome:Home Services/Properties
^
D6/14'25
U-1,232.00
T-1,232.00
PLakes - Pergola
LHome:Home Improvement/Properties
^
D6/19'25
U-30,000.00
T-30,000.00
PATM Withdrawal
MBKOFAMERICA ATM 08/11 # WITHDRWL BROADWAY & 53RD ST NEW YORK NY
LCash & ATM/Exp
^
D6/20'25
U-2,000.00
T-2,000.00
NTXFR
PCC Payment
LBills & Utilities:Credit Card Payment/Credit Card
^
D6/24'25
U0.00
T0.00
NDEP
PRVBD - Travel
LRVBD Travel/RVBD Expenses
^
D6/27'25
U-27,719.71
T-27,719.71
PMarina - Mortgage
LHome:Mortgage/Properties
^
D6/29'25
U-40,000.00
T-40,000.00
PATM Withdrawal
MBKOFAMERICA ATM 08/11 # WITHDRWL BROADWAY & 53RD ST NEW YORK NY
LCash & ATM/Exp
^
D7/ 1'25
U169,111.72
T169,111.72
NDEP
PRVBD - Commission
LNet Salary/Salary
^
D7/ 1'25
U153,445.15
T153,445.15
NDEP
PRVBD - Salary
LNet Salary/Salary
^
D7/ 1'25
U-25,000.00
T-25,000.00
PPersonal Exp - Doris
LEntertainment/Exp
^
D7/ 1'25
U-1,754.00
T-1,754.00
PMaid
LContract Labor:Cleaning Service/Exp
^
D7/ 2'25
U-40,000.00
T-40,000.00
PATM Withdrawal
MBKOFAMERICA ATM 08/11 # WITHDRWL BROADWAY & 53RD ST NEW YORK NY
LCash & ATM/Exp
^
D7/ 5'25
U-50,000.00
T-50,000.00
PPersonal Exp - Bill
LBills & Utilities:Credit Card Payment/Credit Card
^
D7/ 5'25
U-34,197.00
T-34,197.00
NSched
PPrsche Loan
L--Split--
S[Prsche Loan]/Car
$-33,397.92
SAuto & Transport:Auto Payment:Interest/Car
$-735.19
S[Prsche Loan]/Car
$-63.89
^
D7/ 9'25
U-300,000.00
T-300,000.00
PKanoony Loan
L[Kanoony]/Lending
^
D7/16'25
U-30,000.00
T-30,000.00
NTXFR
PCC Payment
LBills & Utilities:Credit Card Payment/Credit Card
^
D7/24'25
U1,778.65
T1,778.65
NDEP
PRVBD - Travel
LRVBD Travel/RVBD Expenses
^
D7/27'25
U-27,717.19
T-27,717.19
PMarina - Mortgage
LHome:Mortgage/Properties
^
D7/28'25
U-5,000.00
T-5,000.00
PMarina - Renovation
LHome:Home Improvement/Properties
^
D7/30'25
U17,909.43
T17,909.43
NDEP
PRVBD - Travel
LRVBD Travel/RVBD Expenses
^
D8/ 1'25
U161,496.37
T161,496.37
NDEP
PRVBD - Salary
LNet Salary/Salary
^
D8/ 1'25
U153,445.15
T153,445.15
NDEP
PRVBD - Commission
LNet Salary/Salary
^
D8/ 1'25
U-10,000.00
T-10,000.00
PPersonal Exp - Doris
LEntertainment/Exp
^
D8/ 1'25
U-1,754.00
T-1,754.00
PMaid
LContract Labor:Cleaning Service/Exp
^
D8/ 5'25
U-40,000.00
T-40,000.00
PPersonal Exp - Bill
LBills & Utilities:Credit Card Payment/Credit Card
^
D8/ 5'25
U-34,197.00
T-34,197.00
NSched
PPrsche Loan
L--Split--
S[Prsche Loan]/Car
$-31,328.98
SAuto & Transport:Auto Payment:Interest/Car
$-2,868.02
^
D8/ 6'25
U-70,000.00
T-70,000.00
PATM Withdrawal
MBKOFAMERICA ATM 08/11 # WITHDRWL BROADWAY & 53RD ST NEW YORK NY
LCash & ATM/Exp
^
D8/ 7'25
U-40,000.00
T-40,000.00
NTXFR
PCC Payment
LBills & Utilities:Credit Card Payment/Credit Card
^
D8/ 8'25
U-2,000.00
T-2,000.00
PPersonal Exp - Doris
LEntertainment/Exp
^
D8/14'25
U921.24
T921.24
NDEP
PRVBD - Travel
LRVBD Travel/RVBD Expenses
^
D8/14'25
U-40,000.00
T-40,000.00
NTXFR
PCC Payment
LBills & Utilities:Credit Card Payment/Credit Card
^
!Account
NENBD $
TBank
^
!Type:Bank 
D11/13'17
U750,000.00
T750,000.00
PTransfer To Dubai
L[SGBL - Savings]/Transfer
^
D12/ 1'17
U0.00
T0.00
CX
POpening Balance
L[ENBD $]
^
D12/ 3'17
U-56.50
T-56.50
PBanking Fee
LBanking Fees/Exp
^
D1/11'18
U-749,900.00
T-749,900.00
NTXFR
PTransfer to Leb
L[SGBL - Savings]/Transfer From Dubai to Leb
^
D5/ 1'18
U-17.00
T-17.00
PBanking Fee
LBanking Fees/Exp
^
D5/ 7'18
U1,635.37
T1,635.37
POwn Transfer
L[ENBD]/Transfer
^
D5/24'18
U118,500.00
T118,500.00
POwn Transfer
L[ENBD]/Transfer
^
D5/24'18
U-120,000.00
T-120,000.00
POwn Transfer
L[IB]/Transfer
^
D10/23'18
U125,000.00
T125,000.00
PTransfer To ENBD
L[IB]/Transfer
^
D10/31'18
U-110,000.00
T-110,000.00
PTransfer To ENBD
L[ENBD]/Transfer
^
D11/ 4'18
U-5,000.00
T-5,000.00
NTXFR
PTransfer to Leb
L[SGBL - Checking]/Transfer From Dubai to Leb
^
D11/14'18
U-10,000.00
T-10,000.00
PTransfer To ENBD
L[ENBD]/Transfer
^
D11/20'18
U250,000.00
T250,000.00
PTransfer To ENBD
L[SGBL - Savings]/Transfer
^
D11/20'18
U-63.00
T-63.00
PBanking Fee
LBanking Fees/Exp
^
D11/23'18
U-20,000.00
T-20,000.00
PTransfer To ENBD
L[ENBD]/Transfer
^
D12/17'18
U-3,000.00
T-3,000.00
PTransfer To BoA
LTransfer From Dubai To Leb/Transfer
^
D12/17'18
U-5,000.00
T-5,000.00
NTXFR
PTransfer to Leb
L[SGBL - Checking]/Transfer From Dubai to Leb
^
D12/19'18
U-20,000.00
T-20,000.00
PTransfer To ENBD
L[ENBD]/Transfer
^
D1/12'19
U600,000.00
T600,000.00
PTransfer To ENBD
L[SGBL - Savings]/Transfer
^
D1/17'19
U-63.00
T-63.00
PBanking Fee
LBanking Fees/Exp
^
D1/30'19
U-8,000.00
T-8,000.00
NTXFR
PTransfer to Leb
L[SGBL - Checking]/Transfer From Dubai to Leb
^
D2/ 4'19
U-500,000.00
T-500,000.00
PTransfer To Savings
L[ENBD - Savings]/Transfer
^
D3/11'19
U-100,000.00
T-100,000.00
PTransfer To IB
L[IB]/Transfer
^
D3/19'19
U-9,000.00
T-9,000.00
NTXFR
PTransfer to Leb
L[SGBL - Checking]/Transfer From Dubai to Leb
^
D5/ 4'19
U-10,000.00
T-10,000.00
PTransfer To AED
L[ENBD]/Transfer
^
D5/ 6'19
U500,000.00
T500,000.00
PTransfer To Checking
L[ENBD - Savings]/Transfer
^
D5/ 8'19
U-400,000.00
T-400,000.00
PTransfer To AED
L[ENBD]/Transfer
^
D5/14'19
U-100,000.00
T-100,000.00
PTransfer To IB
L[IB]/Transfer
^
D5/28'19
U-35,000.00
T-35,000.00
PTransfer To AED
L[ENBD]/Transfer
^
D6/10'19
U-40,000.00
T-40,000.00
PTransfer To AED
L[ENBD]/Transfer
^
D6/17'19
U-10,000.00
T-10,000.00
NTXFR
PTransfer to Leb
L[SGBL - Checking]/Transfer From Dubai to Leb
^
D7/ 4'19
U-5,000.00
T-5,000.00
PTransfer To AED
L[ENBD]/Transfer
^
D7/13'19
U-50,000.00
T-50,000.00
PTransfer To AED
L[ENBD]/Transfer
^
D8/ 1'19
U-10,000.00
T-10,000.00
NTXFR
PTransfer to Leb
L[SGBL - Checking]/Transfer From Dubai to Leb
^
D8/31'19
U-20,000.00
T-20,000.00
PTransfer To AED
L[ENBD]/Transfer
^
D9/ 9'19
U37,985.00
T37,985.00
POwn Transfer
L[IB]/Transfer
^
D9/ 9'19
U145,985.00
T145,985.00
POwn Transfer
L[IB]/Transfer
^
D9/ 9'19
U-39,000.00
T-39,000.00
PTransfer To AED
L[ENBD]/Transfer
^
D9/20'19
U-10,000.00
T-10,000.00
NTXFR
PTransfer to Leb
L[SGBL - Checking]/Transfer From Dubai to Leb
^
D10/15'19
U-20,000.00
T-20,000.00
PTransfer To AED
L[ENBD]/Transfer
^
D10/22'19
U-10,000.00
T-10,000.00
PTransfer To AED
L[ENBD]/Transfer
^
D2/29'20
U175,068.00
T175,068.00
PTransfer From Careem
L[Careem]/Transfer
^
D3/20'20
U-120,000.00
T-120,000.00
PTransfer To IB
L[IB]/Transfer
^
D4/13'20
U-100,000.00
T-100,000.00
PTransfer To IB
L[IB]/Transfer
^
D5/ 1'20
U-65,000.00
T-65,000.00
PTransfer To IB
L[IB]/Transfer
^
D5/ 9'20
U97,300.00
T97,300.00
PTransfer From Careem
L[Careem]/Transfer
^
D5/11'20
U-97,000.00
T-97,000.00
PTransfer To IB
L[IB]/Transfer
^
D7/ 6'20
U100,000.00
T100,000.00
PTransfer To ENBD
L[IB]/Transfer
^
D7/ 6'20
U-15.00
T-15.00
PBanking Fee
LBanking Fees/Exp
^
D1/27'21
U211,000.00
T211,000.00
PTransfer To ENBD
L[IB]/Transfer
^
D1/27'21
U-30.00
T-30.00
PBanking Fee
LBanking Fees/Exp
^
D1/30'21
U22,873.00
T22,873.00
PPanorama - Rent
LProperties/Properties
^
D4/12'21
U-100,000.00
T-100,000.00
PVintro
L[Vintro]/Investment
^
D4/12'21
U-1,000.00
T-1,000.00
PBanking Fee
LBanking Fees/Exp
^
D5/ 8'21
U46,677.01
T46,677.01
PClosing Account
L[Alico Elie]
^
D4/ 9'22
U57,229.00
T57,229.00
PTransfer From Careem
L[Careem]/Transfer
^
D4/20'22
U-1,000.00
T-1,000.00
PTransfer To CS
L[CS]/Transfer
^
D5/ 9'22
U200,000.00
T200,000.00
POwn Transfer
L[ENBD]/Transfer
^
D5/ 9'22
U-500,000.00
T-500,000.00
PTransfer To CS
L[CS]/Transfer
^
D5/ 9'22
U-18.63
T-18.63
PBanking Fee
LBanking Fees/Exp
^
D5/30'22
U966,326.52
T966,326.52
POwn Transfer
L[ENBD]/Transfer
^
D5/30'22
U-1,000,000.00
T-1,000,000.00
PTransfer To CS
L[CS]/Transfer
^
D5/30'22
U-18.63
T-18.63
PBanking Fee
LBanking Fees/Exp
^
D6/18'22
U272,108.84
T272,108.84
PTransfer To ENBD
L[ENBD]/Transfer
^
D6/28'22
U272,108.84
T272,108.84
PTransfer To ENBD
L[ENBD]/Transfer
^
D6/29'22
U54,000.00
T54,000.00
PTransfer To ENBD
L[ENBD]/Transfer
^
D6/30'22
U3,000.00
T3,000.00
PTransfer To ENBD
L[ENBD]/Transfer
^
D6/30'22
U-3,000.00
T-3,000.00
PTransfer To BoA
LBusiness Transfer/Transfer
^
D7/ 1'22
U-0.89
T-0.89
PBanking Fee
LBanking Fees/Exp
^
D7/ 1'22
U-600,000.00
T-600,000.00
PTransfer To CS
L[CS]/Transfer
^
D7/ 1'22
U-17.74
T-17.74
PBanking Fee
LBanking Fees/Exp
^
D10/25'22
U37.14
T37.14
PBanking Fee
LBanking Fees/Exp
^
D11/ 2'22
U400,108.84
T400,108.84
POwn Transfer
L[ENBD]/Transfer
^
D11/24'22
U-400,000.00
T-400,000.00
PTransfer To CS
L[CS]/Transfer
^
D11/24'22
U-0.01
T-0.01
PBanking Fee
LProperties/Properties
^
D2/ 5'23
U200,000.00
T200,000.00
PTransfer To ENBD
L[ENBD]/Transfer
^
D2/ 6'23
U-200,000.00
T-200,000.00
PTransfer To IB
L[IB]/Transfer
^
D2/14'23
U2,000.00
T2,000.00
PTransfer To ENBD
L[ENBD]/Transfer
^
D2/14'23
U-2,000.00
T-2,000.00
PTransfer To BoA
LBusiness Transfer/Transfer
^
D5/ 9'23
U83,985.00
T83,985.00
PTransfer To ENBD
L[IB]/Transfer
^
D5/23'23
U15,500.00
T15,500.00
PTransfer To ENBD
L[ENBD]/Transfer
^
D5/23'23
U16,985.00
T16,985.00
PTransfer To ENBD
L[IB]/Transfer
^
D5/23'23
U82,985.00
T82,985.00
PTransfer To ENBD
L[IB]/Transfer
^
D5/24'23
U-200,000.00
T-200,000.00
PTransfer To CS
L[CS]/Transfer
^
D6/20'23
U200,000.00
T200,000.00
PTransfer To ENBD
L[CS]/Transfer
^
D6/20'23
U-38.00
T-38.00
PBanking Fee
LBanking Fees/Exp
^
D6/21'23
U-100,000.00
T-100,000.00
PTransfer To ENBD
L[ENBD]/Transfer
^
D7/15'23
U-20,000.00
T-20,000.00
PTransfer To ENBD
L[ENBD]/Transfer
^
D8/ 1'23
U20,000.00
T20,000.00
PTransfer To ENBD
L[ENBD]/Transfer
^
D8/ 1'23
U-100,000.00
T-100,000.00
PTransfer To CS
L[CS]/Transfer
^
D2/28'24
U100,000.00
T100,000.00
PTransfer To ENBD
L[ENBD]/Transfer
^
D2/28'24
U-100,000.00
T-100,000.00
PTransfer To CS
L[CS]/Transfer
^
D2/28'24
U-108.73
T-108.73
PBanking Fee
LBanking Fees/Exp
^
D1/29'25
U300,000.00
T300,000.00
PTransfer To ENBD
L[CS]/Transfer
^
D2/12'25
U-250,000.00
T-250,000.00
PTransfer To ENBD
L[ENBD]/Transfer
^
D3/ 3'25
U-20,000.00
T-20,000.00
PTransfer To ENBD
L[ENBD]/Transfer
^
D3/ 8'25
U-30,000.00
T-30,000.00
PTransfer To ENBD
L[ENBD]/Transfer
^
!Account
NENBD - Savings
TBank
^
!Type:Bank 
D2/ 4'19
U500,000.00
T500,000.00
PTransfer To Savings
L[ENBD $]/Transfer
^
D2/10'19
U0.00
T0.00
CX
POpening Balance
L[ENBD - Savings]
^
D5/ 6'19
U-500,000.00
T-500,000.00
PTransfer To Checking
L[ENBD $]/Transfer
^
!Account
NHSBC FR
TBank
^
!Type:Bank 
D8/31'18
U200.00
T200.00
PTransfer To HSBC FR
L[HSBC UAE Euro]/Transfer
^
D9/ 4'18
U-19.50
T-19.50
PBanking Fee
LBanking Fees/Exp
^
D9/16'18
U0.00
T0.00
CX
POpening Balance
L[HSBC FR]
^
D9/29'18
U1,000.00
T1,000.00
PTransfer To HSBC FR
L[HSBC UAE]/Transfer
^
D10/ 3'18
U-283.00
T-283.00
PPersonal Exp - Monthly
LEntertainment/Exp
^
D10/ 5'18
U-134.00
T-134.00
PBanking Fee
LBanking Fees/Exp
^
D10/23'18
U5,000.00
T5,000.00
PTransfer To HSBC FR
L[HSBC UAE]/Transfer
^
D11/20'18
U-2,994.97
T-2,994.97
NATM
PPersonal Exp - Monthly
LShopping:Clothing/Exp
^
D12/17'18
U5,000.00
T5,000.00
PTransfer To HSBC FR
L[HSBC UAE]/Transfer
^
D12/18'18
U-2,176.95
T-2,176.95
PPersonal Exp - Monthly
LEntertainment/Exp
^
D2/10'19
U-844.89
T-844.89
PPersonal Exp - Monthly
LEntertainment/Exp
^
D9/ 9'19
U-4,500.00
T-4,500.00
PTransfer To HSBC UAE
L[HSBC UAE]/Transfer
^
D5/ 7'20
U1,000.00
T1,000.00
PTransfer To HSBC FR
L[HSBC UAE Euro]/Transfer
^
D5/ 8'20
U-1,188.00
T-1,188.00
PBilliard Downpayment
LHome:Furnishings/Exp
^
D6/25'20
U10,000.00
T10,000.00
PTransfer To HSBC FR
L[HSBC UAE Euro]/Transfer
^
D6/26'20
U-9,000.00
T-9,000.00
PFurniture Payment
LFixed Assets:Furniture/Exp
^
D9/ 8'20
U9,287.00
T9,287.00
PTransfer To HSBC FR
L[HSBC UAE Euro]/Transfer
^
D9/10'20
U-10,245.00
T-10,245.00
PFurniture Payment
LFixed Assets:Furniture/Exp
^
D10/28'20
U9,000.00
T9,000.00
PTransfer To HSBC FR
L[HSBC UAE]/Transfer
^
D10/29'20
U-4,000.00
T-4,000.00
PFurniture Payment
LFixed Assets:Furniture/Exp
^
D12/17'20
U-5,085.00
T-5,085.00
PFurniture Payment
LFixed Assets:Furniture/Exp
^
D3/25'21
U7,000.00
T7,000.00
PTransfer To HSBC FR
L[HSBC UAE]/Transfer
^
D3/26'21
U-3,500.00
T-3,500.00
PFurniture Payment
LFixed Assets:Furniture/Exp
^
D6/20'21
U-3,500.00
T-3,500.00
PFurniture Payment
LFixed Assets:Furniture/Exp
^
D1/26'22
U500.00
T500.00
PTransfer To HSBC FR
L[HSBC UAE]/Transfer
^
D3/ 3'22
U1,500.00
T1,500.00
PTransfer To HSBC FR
L[HSBC UAE]/Transfer
^
D4/ 6'22
U6,000.00
T6,000.00
PTransfer To HSBC FR
L[HSBC UAE]/Transfer
^
D4/11'22
U-1,340.37
T-1,340.37
PMarch Exp
LEntertainment/Exp
^
D7/29'22
U-2,096.74
T-2,096.74
PVacation
LEntertainment/Vacation
^
D11/27'22
U5,000.00
T5,000.00
PTransfer To HSBC FR
L[HSBC UAE]/Transfer
^
D12/ 7'22
U8,000.00
T8,000.00
PTransfer To HSBC FR
L[HSBC UAE]/Transfer
^
D12/11'22
U-12,950.01
T-12,950.01
PDaum
LHome:Furnishings/Exp
^
D12/11'22
U-1,220.79
T-1,220.79
PVacation
LEntertainment/Vacation
^
D3/29'23
U10,000.00
T10,000.00
PTransfer To HSBC FR
L[HSBC UAE]/Transfer
^
D4/21'23
U2,300.00
T2,300.00
PTransfer To HSBC FR
L[HSBC UAE]/Transfer
^
D5/20'23
U-11,840.48
T-11,840.48
PVacation
LEntertainment/Vacation
^
D5/26'23
U-366.00
T-366.00
PVacation
LEntertainment/Vacation
^
D7/ 5'23
U500.00
T500.00
PTransfer To HSBC FR
L[HSBC UAE]/Transfer
^
D7/ 9'23
U-3,972.31
T-3,972.31
PVacation
LTravel:Vacation/Vacation
^
D12/21'23
U84.69
T84.69
PTax Refund
LTravel:Vacation/Vacation
^
!Account
NHSBC Leb
TBank
^
!Type:Bank 
D10/25'12
U13,001.00
T13,001.00
CX
POpening Balance
L[HSBC Leb]
^
D11/ 1'12
U-200.00
T-200.00
PMom
LParents/Parents
^
D11/ 9'12
U2,403.48
T2,403.48
PHome Leb
LHome:Home Services/Home Leb
^
D11/10'12
U-2,053.00
T-2,053.00
NSched
PHome Leb Mort
L--Split--
S[Leb Mort]/Home Leb
$-1,216.69
SLoan Payment:Interest/Home Leb
$-698.93
S[Leb Mort]/Home Leb
$-102.38
SLoan Payment/Home Leb
$-35.00
^
D11/10'12
U-1,000.00
T-1,000.00
PDad
LParents/Parents
^
D11/12'12
U8,000.00
T8,000.00
PTransfer to Leb
LTransfer From Dubai To Leb/Transfer From Dubai to Leb
^
D11/21'12
U-800.00
T-800.00
NATM
PPersonal Exp - Monthly
LEntertainment/Exp
^
D12/ 1'12
U-200.00
T-200.00
PMom
LParents/Parents
^
D12/ 1'12
U-1,500.00
T-1,500.00
PNakabe
LParents/Parents
^
D12/10'12
U-2,053.00
T-2,053.00
NSched
PHome Leb Mort
L--Split--
S[Leb Mort]/Home Leb
$-1,222.80
SLoan Payment:Interest/Home Leb
$-670.27
S[Leb Mort]/Home Leb
$-124.93
SLoan Payment/Home Leb
$-35.00
^
D12/10'12
U-1,000.00
T-1,000.00
PDad
LParents/Parents
^
D12/21'12
U-1,000.00
T-1,000.00
NATM
PPersonal Exp - Monthly
LEntertainment/Exp
^
D12/21'12
U-800.00
T-800.00
NATM
PSilkor
LEntertainment/Exp
^
D12/31'12
U-1,000.00
T-1,000.00
NATM
PPersonal Exp - Monthly
LEntertainment/Exp
^
D1/ 1'13
U-200.00
T-200.00
PMom
LParents/Parents
^
D1/ 1'13
U-334.49
T-334.49
NATM
PPersonal Exp - Monthly
LEntertainment/Exp
^
D1/10'13
U-2,053.00
T-2,053.00
NSched
PHome Leb Mort
L--Split--
S[Leb Mort]/Home Leb
$-1,331.84
SLoan Payment:Interest/Home Leb
$-664.03
S[Leb Mort]/Home Leb
$0.00
SLoan Payment/Home Leb
$-57.13
^
D1/11'13
U-1,000.00
T-1,000.00
PDad
LParents/Parents
^
D1/11'13
U-17.35
T-17.35
PHome Leb Elec
LBills & Utilities:Utilities/Home Leb
^
D1/15'13
U-1,107.00
T-1,107.00
PAlico - Elie
LAlico/Investment
^
D1/27'13
U-4,563.82
T-4,563.82
NTXFR
PVegas
LTravel/Exp
^
D2/ 1'13
U3,000.00
T3,000.00
NDEP
PTransfer From Dubai
LTransfer From Dubai To Leb/Transfer From Dubai to Leb
^
D2/ 1'13
U-200.00
T-200.00
PMom
LParents/Parents
^
D2/10'13
U-2,053.00
T-2,053.00
NSched
PHome Leb Mort
L--Split--
S[Leb Mort]/Home Leb
$-1,316.29
SLoan Payment:Interest/Home Leb
$-701.71
S[Leb Mort]/Home Leb
$0.00
SLoan Payment/Home Leb
$-35.00
^
D2/10'13
U-1,000.00
T-1,000.00
PDad
LParents/Parents
^
D2/21'13
U55.42
T55.42
PTransfer to Leb
LTransfer From Dubai To Leb/Transfer From Dubai to Leb
^
D2/22'13
U-17.37
T-17.37
PHome Leb Elec
LBills & Utilities:Utilities/Home Leb
^
D3/ 1'13
U5,000.00
T5,000.00
NDEP
PTransfer From Dubai
LTransfer From Dubai To Leb/Transfer From Dubai to Leb
^
D3/ 1'13
U-200.00
T-200.00
PMom
LParents/Parents
^
D3/ 1'13
U-1,680.00
T-1,680.00
PNakabe
LParents/Parents
^
D3/ 1'13
U-1,638.00
T-1,638.00
PAlico - Kevin
LAlico/Investment
^
D3/10'13
U-2,053.00
T-2,053.00
NSched
PHome Leb Mort
L--Split--
S[Leb Mort]/Home Leb
$-1,409.69
SLoan Payment:Interest/Home Leb
$-608.31
S[Leb Mort]/Home Leb
$0.00
SLoan Payment/Home Leb
$-35.00
^
D3/10'13
U-1,000.00
T-1,000.00
PDad
LParents/Parents
^
D3/21'13
U-600.00
T-600.00
NATM
PMom
LParents/Parents
^
D4/ 1'13
U6,100.00
T6,100.00
NDEP
PTransfer From Dubai
LTransfer From Dubai To Leb/Transfer From Dubai to Leb
^
D4/ 1'13
U-200.00
T-200.00
PMom
LParents/Parents
^
D4/ 1'13
U-500.00
T-500.00
PBisso New Born
LGifts & Donations:Gift/Exp
^
D4/ 1'13
U-1,107.00
T-1,107.00
PAlico - Elie
LAlico/Investment
^
D4/ 1'13
U-350.00
T-350.00
PAlico - Elie
LAlico/Investment
^
D4/10'13
U-2,053.00
T-2,053.00
NSched
PHome Leb Mort
L--Split--
S[Leb Mort]/Home Leb
$-1,372.78
SLoan Payment:Interest/Home Leb
$-645.22
S[Leb Mort]/Home Leb
$0.00
SLoan Payment/Home Leb
$-35.00
^
D4/10'13
U-1,000.00
T-1,000.00
PDad
LParents/Parents
^
D4/25'13
U-17.37
T-17.37
PHome Leb Elec
LBills & Utilities:Utilities/Home Leb
^
D5/ 1'13
U5,000.00
T5,000.00
NDEP
PTransfer From Dubai
LTransfer From Dubai To Leb/Transfer From Dubai to Leb
^
D5/ 1'13
U-200.00
T-200.00
PMom
LParents/Parents
^
D5/10'13
U-1,000.00
T-1,000.00
PDad
LParents/Parents
^
D5/10'13
U-2,053.00
T-2,053.00
NSched
PHome Leb Mort
L--Split--
S[Leb Mort]/Home Leb
$-1,379.13
SLoan Payment:Interest/Home Leb
$-638.87
S[Leb Mort]/Home Leb
$0.00
SLoan Payment/Home Leb
$-35.00
^
D5/15'13
U6,886.26
T6,886.26
PTransfer to Leb
L[Juniper - ESPP]/Transfer From Dubai to Leb
^
D5/15'13
U15,679.01
T15,679.01
PTransfer to Leb
L[SAXO]/Transfer From Dubai to Leb
^
D5/22'13
U-22,500.00
T-22,500.00
NTXFR
PTransfer to Savings
L[IBL LL]/Transfer to Savings
^
D6/ 1'13
U4,000.00
T4,000.00
NDEP
PTransfer From Dubai
LTransfer From Dubai To Leb/Transfer From Dubai to Leb
^
D6/ 1'13
U-200.00
T-200.00
PMom
LParents/Parents
^
D6/ 1'13
U-1,720.00
T-1,720.00
PNakabe
LParents/Parents
^
D6/ 1'13
U-1,100.00
T-1,100.00
PTickets
LTravel:Vacation/Vacation
^
D6/ 1'13
U-1,605.00
T-1,605.00
PAlico - Katie
LAlico/Investment
^
D6/ 4'13
U-17.35
T-17.35
PHome Leb Elec
LBills & Utilities:Utilities/Home Leb
^
D6/ 5'13
U1,100.00
T1,100.00
PTransfer to Leb
L[HSBC UAE]/Transfer From Dubai to Leb
^
D6/10'13
U-2,053.00
T-2,053.00
NSched
PHome Leb Mort
L--Split--
S[Leb Mort]/Home Leb
$-1,364.44
SLoan Payment:Interest/Home Leb
$-653.56
S[Leb Mort]/Home Leb
$0.00
SLoan Payment/Home Leb
$-35.00
^
D6/10'13
U-1,000.00
T-1,000.00
PDad
LParents/Parents
^
D7/ 1'13
U11,000.00
T11,000.00
NDEP
PTransfer From Dubai
LTransfer From Dubai To Leb/Transfer From Dubai to Leb
^
D7/ 1'13
U-200.00
T-200.00
PMom
LParents/Parents
^
D7/ 1'13
U-700.00
T-700.00
PChalet Batroun
LParents/Parents
^
D7/ 1'13
U-1,500.00
T-1,500.00
PVacation Leb Masrouf
LTravel:Vacation/Exp
^
D7/ 1'13
U-1,107.00
T-1,107.00
PAlico - Elie
LAlico/Investment
^
D7/ 1'13
U-1,340.00
T-1,340.00
PAlico - Elie
LAlico/Investment
^
D7/10'13
U-1,000.00
T-1,000.00
PDad
LParents/Parents
^
D7/10'13
U-2,053.00
T-2,053.00
NSched
PHome Leb Mort
L--Split--
S[Leb Mort]/Home Leb
$-1,391.85
SLoan Payment:Interest/Home Leb
$-626.15
S[Leb Mort]/Home Leb
$0.00
SLoan Payment/Home Leb
$-35.00
^
D7/12'13
U-17.35
T-17.35
PHome Leb Elec
LBills & Utilities:Utilities/Home Leb
^
D7/15'13
U-66.00
T-66.00
NTXFR
PCC Payment
LBills & Utilities:Credit Card Payment/Credit Card
^
D7/31'13
U-180.00
T-180.00
PTickets
LTravel:Vacation/Exp
^
D7/31'13
U-1,000.00
T-1,000.00
PMasrouf
LTravel:Vacation/Exp
^
D8/ 1'13
U3,500.00
T3,500.00
NDEP
PTransfer From Dubai
LTransfer From Dubai To Leb/Transfer From Dubai to Leb
^
D8/ 1'13
U-200.00
T-200.00
PMom
LParents/Parents
^
D8/ 1'13
U-1,000.00
T-1,000.00
PVacation Leb Masrouf
LTravel:Vacation/Exp
^
D8/ 6'13
U-765.67
T-765.67
NTXFR
PCC Payment
LBills & Utilities:Credit Card Payment/Credit Card
^
D8/10'13
U-2,053.00
T-2,053.00
NSched
PHome Leb Mort
L--Split--
S[Leb Mort]/Home Leb
$-1,377.64
SLoan Payment:Interest/Home Leb
$-640.36
S[Leb Mort]/Home Leb
$0.00
SLoan Payment/Home Leb
$-35.00
^
D8/10'13
U-1,000.00
T-1,000.00
PDad
LParents/Parents
^
D8/14'13
U-146.93
T-146.93
NTXFR
PCC Payment
LBills & Utilities:Credit Card Payment/Credit Card
^
D8/16'13
U5,600.00
T5,600.00
PTransfer to Leb
L[IBL LL]/Exp
^
D8/16'13
U-1,300.00
T-1,300.00
PChalet
LParents/Parents
^
D8/21'13
U-350.00
T-350.00
PBoA
LBills & Utilities/Exp
^
D9/ 1'13
U-200.00
T-200.00
PMom
LParents/Parents
^
D9/ 1'13
U-1,000.00
T-1,000.00
PHome Leb
LHome:Home Services/Home Leb
^
D9/ 9'13
U-17.35
T-17.35
PHome Leb Elec
LBills & Utilities:Utilities/Home Leb
^
D9/10'13
U-1,000.00
T-1,000.00
PDad
LParents/Parents
^
D9/10'13
U-2,053.00
T-2,053.00
NSched
PHome Leb Mort
L--Split--
S[Leb Mort]/Home Leb
$-1,384.23
SLoan Payment:Interest/Home Leb
$-633.77
S[Leb Mort]/Home Leb
$0.00
SLoan Payment/Home Leb
$-35.00
^
D9/11'13
U-13.00
T-13.00
NTXFR
PCC Payment
LBills & Utilities:Credit Card Payment/Credit Card
^
D10/ 1'13
U10,000.00
T10,000.00
NDEP
PTransfer From Dubai
LTransfer From Dubai To Leb/Transfer From Dubai to Leb
^
D10/ 1'13
U-200.00
T-200.00
PMom
LParents/Parents
^
D10/ 1'13
U-1,720.00
T-1,720.00
PNakabe
LParents/Parents
^
D10/ 1'13
U-2,500.00
T-2,500.00
PChalet
LParents/Parents
^
D10/ 1'13
U-1,100.00
T-1,100.00
PAlico - Elie
L[Alico Elie]/Investment
^
D10/ 7'13
U-400.00
T-400.00
PAline Birthday
LGifts & Donations:Gift/Exp
^
D10/10'13
U-1,000.00
T-1,000.00
PDad
LParents/Parents
^
D10/10'13
U-17.35
T-17.35
PHome Leb Elec
LBills & Utilities:Utilities/Home Leb
^
D10/10'13
U-2,053.00
T-2,053.00
NSched
PHome Leb Mort
L--Split--
S[Leb Mort]/Home Leb
$-1,450.14
SLoan Payment:Interest/Home Leb
$-567.86
S[Leb Mort]/Home Leb
$0.00
SLoan Payment/Home Leb
$-35.00
^
D11/ 1'13
U5,000.00
T5,000.00
NDEP
PTransfer From Dubai
LTransfer From Dubai To Leb/Transfer From Dubai to Leb
^
D11/ 1'13
U-200.00
T-200.00
PMom
LParents/Parents
^
D11/ 1'13
U-2,584.00
T-2,584.00
PParents Car
LCar & Truck Expenses/Parents
^
D11/ 3'13
U-110.00
T-110.00
NTXFR
PCC Payment
LBills & Utilities:Credit Card Payment/Credit Card
^
D11/10'13
U-1,000.00
T-1,000.00
PDad
LParents/Parents
^
D11/11'13
U-2,053.00
T-2,053.00
NSched
PHome Leb Mort
L--Split--
S[Leb Mort]/Home Leb
$-1,420.40
SLoan Payment:Interest/Home Leb
$-597.60
S[Leb Mort]/Home Leb
$0.00
SLoan Payment/Home Leb
$-35.00
^
D12/ 1'13
U7,500.00
T7,500.00
NDEP
PTransfer From Dubai
LTransfer From Dubai To Leb/Transfer From Dubai to Leb
^
D12/ 1'13
U-200.00
T-200.00
PMom
LParents/Parents
^
D12/ 1'13
U-1,720.00
T-1,720.00
PNakabe
LParents/Parents
^
D12/ 9'13
U-2,500.00
T-2,500.00
PChalet
LParents/Parents
^
D12/10'13
U-1,000.00
T-1,000.00
PDad
LParents/Parents
^
D12/10'13
U-2,053.00
T-2,053.00
NSched
PHome Leb Mort
L--Split--
S[Leb Mort]/Home Leb
$-1,482.37
SLoan Payment:Interest/Home Leb
$-535.63
S[Leb Mort]/Home Leb
$0.00
SLoan Payment/Home Leb
$-35.00
^
D12/10'13
U-17.35
T-17.35
PHome Leb Elec
LBills & Utilities:Utilities/Home Leb
^
D1/ 1'14
U5,000.00
T5,000.00
NDEP
PTransfer From Dubai
LTransfer From Dubai To Leb/Transfer From Dubai to Leb
^
D1/ 1'14
U-200.00
T-200.00
PMom
LParents/Parents
^
D1/ 1'14
U-1,107.00
T-1,107.00
PAlico - Elie
L[Alico Elie]/Investment
^
D1/10'14
U-1,000.00
T-1,000.00
PDad
LParents/Parents
^
D1/10'14
U-2,053.00
T-2,053.00
NSched
PHome Leb Mort
L--Split--
S[Leb Mort]/Home Leb
$-1,452.05
SLoan Payment:Interest/Home Leb
$-565.95
S[Leb Mort]/Home Leb
$0.00
SLoan Payment/Home Leb
$-35.00
^
D1/24'14
U-5,331.16
T-5,331.16
PUS Trip
LTravel:Vacation/Exp
^
D1/24'14
U-1,798.59
T-1,798.59
PRVBD - Travel
LRVBD Travel/RVBD Expenses
^
D2/ 1'14
U11,500.00
T11,500.00
NDEP
PTransfer From Dubai
LTransfer From Dubai To Leb/Transfer From Dubai to Leb
^
D2/ 1'14
U-200.00
T-200.00
PMom
LParents/Parents
^
D2/10'14
U-2,053.00
T-2,053.00
NSched
PHome Leb Mort
L--Split--
S[Leb Mort]/Home Leb
$-1,458.54
SLoan Payment:Interest/Home Leb
$-559.46
S[Leb Mort]/Home Leb
$0.00
SLoan Payment/Home Leb
$-35.00
^
D2/10'14
U-1,000.00
T-1,000.00
PDad
LParents/Parents
^
D2/15'14
U-804.60
T-804.60
NATM
PPersonal Exp - Monthly
LShopping:Clothing/Exp
^
D2/24'14
U-17.35
T-17.35
PHome Leb Elec
LBills & Utilities:Utilities/Home Leb
^
D3/ 1'14
U7,500.00
T7,500.00
NDEP
PTransfer From Dubai
LTransfer From Dubai To Leb/Transfer From Dubai to Leb
^
D3/ 1'14
U-200.00
T-200.00
PMom
LParents/Parents
^
D3/ 1'14
U-1,860.00
T-1,860.00
PNakabe
LParents/Parents
^
D3/ 1'14
U-1,200.00
T-1,200.00
PAline Assurance
LParents/Parents
^
D3/ 1'14
U-1,638.00
T-1,638.00
PAlico - Kevin
L[Alico Kevin]/Investment
^
D3/10'14
U-2,053.00
T-2,053.00
NSched
PHome Leb Mort
L--Split--
S[Leb Mort]/Home Leb
$-1,518.57
SLoan Payment:Interest/Home Leb
$-499.43
S[Leb Mort]/Home Leb
$0.00
SLoan Payment/Home Leb
$-35.00
^
D3/10'14
U-1,000.00
T-1,000.00
PDad
LParents/Parents
^
D3/21'14
U-500.00
T-500.00
NATM
PMom
LParents/Parents
^
D4/ 1'14
U6,000.00
T6,000.00
NDEP
PTransfer From Dubai
LTransfer From Dubai To Leb/Transfer From Dubai to Leb
^
D4/ 1'14
U-190.50
T-190.50
PMom Dinner
LParents/Parents
^
D4/ 1'14
U-200.00
T-200.00
PMom
LParents/Parents
^
D4/ 1'14
U-500.00
T-500.00
PParents
LParents/Parents
^
D4/ 1'14
U-350.00
T-350.00
PAlico - Elie
LAlico/Investment
^
D4/ 1'14
U-1,107.00
T-1,107.00
PAlico - Elie
L[Alico Elie]/Investment
^
D4/10'14
U-2,053.00
T-2,053.00
NSched
PHome Leb Mort
L--Split--
S[Leb Mort]/Home Leb
$-1,471.84
SLoan Payment:Interest/Home Leb
$-546.16
S[Leb Mort]/Home Leb
$0.00
SLoan Payment/Home Leb
$-35.00
^
D4/10'14
U-1,000.00
T-1,000.00
PDad
LParents/Parents
^
D4/22'14
U-120.00
T-120.00
PAline
LParents/Parents
^
D4/25'14
U-17.33
T-17.33
PHome Leb Elec
LBills & Utilities:Utilities/Home Leb
^
D5/ 1'14
U6,500.00
T6,500.00
NDEP
PTransfer From Dubai
LTransfer From Dubai To Leb/Transfer From Dubai to Leb
^
D5/ 1'14
U-300.00
T-300.00
PMom
LParents/Parents
^
D5/ 1'14
U-600.00
T-600.00
PDan To Parents
LParents/Parents
^
D5/10'14
U-2,053.00
T-2,053.00
NSched
PHome Leb Mort
L--Split--
S[Leb Mort]/Home Leb
$-1,356.09
SLoan Payment:Interest/Home Leb
$-522.17
S[Leb Mort]/Home Leb
$-139.74
SLoan Payment/Home Leb
$-35.00
^
D5/10'14
U-1,000.00
T-1,000.00
PDad
LParents/Parents
^
D6/ 1'14
U15,500.00
T15,500.00
NDEP
PTransfer From Dubai
LTransfer From Dubai To Leb/Transfer From Dubai to Leb
^
D6/ 1'14
U-7,500.00
T-7,500.00
PChalet
LParents/Parents
^
D6/ 1'14
U-300.00
T-300.00
PMom
LParents/Parents
^
D6/ 1'14
U-1,860.00
T-1,860.00
PNakabe
LParents/Parents
^
D6/ 1'14
U-1,540.00
T-1,540.00
PTickets
LTravel:Vacation/Vacation
^
D6/ 1'14
U-1,605.00
T-1,605.00
PAlico - Katie
L[Alico Katie]/Investment
^
D6/10'14
U-1,000.00
T-1,000.00
PDad
LParents/Parents
^
D6/10'14
U-2,053.00
T-2,053.00
NSched
PHome Leb Mort
L--Split--
S[Leb Mort]/Home Leb
$-1,485.11
SLoan Payment:Interest/Home Leb
$-532.89
S[Leb Mort]/Home Leb
$0.00
SLoan Payment/Home Leb
$-35.00
^
D6/28'14
U-1,500.00
T-1,500.00
NATM
PPersonal Exp - Monthly
LEntertainment/Exp
^
D7/ 1'14
U7,000.00
T7,000.00
PTransfer to Leb
L[HSBC UAE]/Transfer From Dubai to Leb
^
D7/ 1'14
U-300.00
T-300.00
PMom
LParents/Parents
^
D7/ 1'14
U-300.00
T-300.00
PAline
LParents/Parents
^
D7/ 1'14
U-17.34
T-17.34
PHome Leb Elec
LBills & Utilities:Utilities/Home Leb
^
D7/ 1'14
U-1,340.00
T-1,340.00
PAlico - Elie
LAlico/Investment
^
D7/ 1'14
U-1,107.00
T-1,107.00
PAlico - Elie
L[Alico Elie]/Investment
^
D7/10'14
U-2,053.00
T-2,053.00
NSched
PHome Leb Mort
L--Split--
S[Leb Mort]/Home Leb
$-1,508.72
SLoan Payment:Interest/Home Leb
$-509.28
S[Leb Mort]/Home Leb
$0.00
SLoan Payment/Home Leb
$-35.00
^
D7/10'14
U-1,000.00
T-1,000.00
PDad
LParents/Parents
^
D7/11'14
U-1,000.00
T-1,000.00
NATM
PPersonal Exp - Monthly
LEntertainment/Exp
^
D8/ 1'14
U9,000.00
T9,000.00
PTransfer to Leb
L[HSBC UAE]/Transfer From Dubai to Leb
^
D8/ 1'14
U-3,000.00
T-3,000.00
PMasrouf
LTravel:Vacation/Exp
^
D8/ 1'14
U-1,163.50
T-1,163.50
NTXFR
PCC Payment
LBills & Utilities:Credit Card Payment/Credit Card
^
D8/ 1'14
U-300.00
T-300.00
PMom
LParents/Parents
^
D8/ 1'14
U-820.00
T-820.00
PHome Leb
LHome:Home Services/Home Leb
^
D8/10'14
U-2,053.00
T-2,053.00
NSched
PHome Leb Mort
L--Split--
S[Leb Mort]/Home Leb
$-1,481.73
SLoan Payment:Interest/Home Leb
$-536.27
S[Leb Mort]/Home Leb
$0.00
SLoan Payment/Home Leb
$-35.00
^
D8/10'14
U-1,500.00
T-1,500.00
PDad
LParents/Parents
^
D8/11'14
U-1,000.00
T-1,000.00
PMasrouf
LTravel:Vacation/Exp
^
D8/19'14
U-300.00
T-300.00
PAline
LParents/Parents
^
D8/25'14
U20,000.00
T20,000.00
PTransfer to Leb
L[IBL LL]/Transfer
^
D8/27'14
U-27.00
T-27.00
PBanking Fee
LBanking Fees/Exp
^
D9/ 1'14
U0.00
T0.00
PTransfer to Leb
L[HSBC UAE]/Transfer From Dubai to Leb
^
D9/ 1'14
U-12,000.00
T-12,000.00
PTransfer From Leb
L[HSBC UAE]/Transfer
^
D9/ 1'14
U-300.00
T-300.00
PMom
LParents/Parents
^
D9/10'14
U-2,053.00
T-2,053.00
NSched
PHome Leb Mort
L--Split--
S[Leb Mort]/Home Leb
$-1,522.13
SLoan Payment:Interest/Home Leb
$-495.87
S[Leb Mort]/Home Leb
$0.00
SLoan Payment/Home Leb
$-35.00
^
D9/10'14
U-1,500.00
T-1,500.00
PDad
LParents/Parents
^
D9/18'14
U20,000.00
T20,000.00
PTransfer to Leb
L[IBL LL]/Transfer
^
D9/18'14
U-27.00
T-27.00
PBanking Fee
LBanking Fees/Exp
^
D9/18'14
U-10,000.00
T-10,000.00
PTransfer From Leb
L[HSBC UAE]/Transfer
^
D9/19'14
U-2,500.00
T-2,500.00
PChalet
LParents/Parents
^
D9/22'14
U-1,900.00
T-1,900.00
PNakabe
LParents/Parents
^
D10/ 1'14
U0.00
T0.00
PTransfer to Leb
L[HSBC UAE]/Transfer From Dubai to Leb
^
D10/ 1'14
U-300.00
T-300.00
PMom
LParents/Parents
^
D10/ 1'14
U-1,107.00
T-1,107.00
PAlico - Elie
L[Alico Elie]/Investment
^
D10/10'14
U-2,053.00
T-2,053.00
NSched
PHome Leb Mort
L--Split--
S[Leb Mort]/Home Leb
$-1,542.39
SLoan Payment:Interest/Home Leb
$-475.61
S[Leb Mort]/Home Leb
$0.00
SLoan Payment/Home Leb
$-35.00
^
D10/10'14
U-1,500.00
T-1,500.00
PDad
LParents/Parents
^
D10/15'14
U-2,200.00
T-2,200.00
PChalet
LParents/Parents
^
D11/ 1'14
U5,000.00
T5,000.00
PTransfer to Leb
L[HSBC UAE]/Transfer From Dubai to Leb
^
D11/ 1'14
U-300.00
T-300.00
PMom
LParents/Parents
^
D11/ 1'14
U-2,190.00
T-2,190.00
PTickets
LTravel:Vacation/Vacation
^
D11/ 2'14
U-400.00
T-400.00
PMom Birthday
LParents/Parents
^
D11/ 2'14
U-750.00
T-750.00
PKia Insurance
LCar & Truck Expenses:Insurance/Car
^
D11/10'14
U40,000.00
T40,000.00
PTransfer to Leb
L[IBL LL]/Transfer
^
D11/10'14
U-2,053.00
T-2,053.00
NSched
PHome Leb Mort
L--Split--
S[Leb Mort]/Home Leb
$-1,548.87
SLoan Payment:Interest/Home Leb
$-469.13
S[Leb Mort]/Home Leb
$0.00
SLoan Payment/Home Leb
$-35.00
^
D11/10'14
U-1,500.00
T-1,500.00
PDad
LParents/Parents
^
D11/12'14
U-37.00
T-37.00
PBanking Fee
LBanking Fees/Exp
^
D11/13'14
U-30,000.00
T-30,000.00
NTXFR
PTransfer From Leb
L[HSBC UAE]/Transfer
^
D11/18'14
U-4,200.00
T-4,200.00
NTXFR
PBisso Payment
L[Bisso]/Transfer
^
D11/28'14
U-300.00
T-300.00
PTte Leila Bday
LParents/Parents
^
D12/ 1'14
U0.00
T0.00
PTransfer to Leb
L[HSBC UAE]/Transfer From Dubai to Leb
^
D12/ 1'14
U-300.00
T-300.00
PMom
LParents/Parents
^
D12/ 1'14
U-1,900.00
T-1,900.00
PNakabe
LParents/Parents
^
D12/ 2'14
U30,000.00
T30,000.00
PTransfer to Leb
L[IBL LL]/Transfer
^
D12/ 2'14
U-37.00
T-37.00
PBanking Fee
LBanking Fees/Exp
^
D12/ 6'14
U-20,000.00
T-20,000.00
PTransfer From Leb
L[HSBC UAE]/Transfer
^
D12/10'14
U-2,053.00
T-2,053.00
NSched
PHome Leb Mort
L--Split--
S[Leb Mort]/Home Leb
$-1,555.38
SLoan Payment:Interest/Home Leb
$-462.62
S[Leb Mort]/Home Leb
$0.00
SLoan Payment/Home Leb
$-35.00
^
D12/10'14
U-1,500.00
T-1,500.00
PDad
LParents/Parents
^
D12/15'14
U-10.01
T-10.01
PHome Leb Elec
LBills & Utilities:Utilities/Home Leb
^
D12/23'14
U-1,500.00
T-1,500.00
PDoris Parents
LParents/Parents
^
D12/23'14
U-500.00
T-500.00
NATM
PPersonal Exp - Monthly
LEntertainment/Exp
^
D12/29'14
U-1,000.00
T-1,000.00
PDoris Parents
LParents/Parents
^
D12/29'14
U-1,400.00
T-1,400.00
NATM
PPersonal Exp - Monthly
LEntertainment/Exp
^
D12/31'14
U-140.00
T-140.00
PTickets
LTravel:Vacation/Vacation
^
D1/ 1'15
U0.00
T0.00
PTransfer to Leb
L[HSBC UAE]/Transfer From Dubai to Leb
^
D1/ 1'15
U-400.00
T-400.00
PMom
LParents/Parents
^
D1/ 1'15
U-1,107.00
T-1,107.00
PAlico - Elie
L[Alico Elie]/Investment
^
D1/10'15
U-1,500.00
T-1,500.00
PDad
LParents/Parents
^
D1/10'15
U-2,053.00
T-2,053.00
NSched
PHome Leb Mort
L--Split--
S[Leb Mort]/Home Leb
$-1,561.91
SLoan Payment:Interest/Home Leb
$-456.09
S[Leb Mort]/Home Leb
$0.00
SLoan Payment/Home Leb
$-35.00
^
D1/10'15
U-7,000.00
T-7,000.00
PDoris - Diamond
LGifts & Donations/Exp
^
D1/10'15
U-4,309.00
T-4,309.00
PNew York
LTravel:Vacation/Vacation
^
D1/12'15
U-809.67
T-809.67
PTaj Gift
LGifts & Donations:Gift/Exp
^
D1/30'15
U-2,000.00
T-2,000.00
PAline Travel
LParents/Parents
^
D1/30'15
U-10.01
T-10.01
PHome Leb Elec
LBills & Utilities:Utilities/Home Leb
^
D1/30'15
U-61.97
T-61.97
NTXFR
PPersonal Exp - Monthly
LEntertainment/Exp
^
D2/ 1'15
U18,500.00
T18,500.00
PTransfer to Leb
L[HSBC UAE]/Transfer From Dubai to Leb
^
D2/ 1'15
U-300.00
T-300.00
PMom
LParents/Parents
^
D2/10'15
U-1,500.00
T-1,500.00
PDad
LParents/Parents
^
D2/10'15
U-2,053.00
T-2,053.00
NSched
PHome Leb Mort
L--Split--
S[Leb Mort]/Home Leb
$-1,568.46
SLoan Payment:Interest/Home Leb
$-449.54
S[Leb Mort]/Home Leb
$0.00
SLoan Payment/Home Leb
$-35.00
^
D2/20'15
U40,000.00
T40,000.00
PTransfer to Leb
L[IBL LL]/Transfer
^
D2/20'15
U-37,000.00
T-37,000.00
PTransfer From Leb
L[HSBC UAE]/Transfer
^
D2/23'15
U-37.00
T-37.00
PBanking Fee
LBanking Fees/Exp
^
D2/24'15
U-10.01
T-10.01
PHome Leb Elec
LBills & Utilities:Utilities/Home Leb
^
D3/ 1'15
U8,000.00
T8,000.00
PTransfer to Leb
L[HSBC UAE]/Transfer From Dubai to Leb
^
D3/ 1'15
U-300.00
T-300.00
PMom
LParents/Parents
^
D3/ 1'15
U-1,850.00
T-1,850.00
PNakabe
LParents/Parents
^
D3/ 1'15
U-1,350.00
T-1,350.00
PAline Assurance
LParents/Parents
^
D3/ 1'15
U-1,638.00
T-1,638.00
PAlico - Kevin
L[Alico Kevin]/Investment
^
D3/10'15
U-1,000.00
T-1,000.00
PKhal - Wedding Gift
LParents/Parents
^
D3/10'15
U-2,053.00
T-2,053.00
NSched
PHome Leb Mort
L--Split--
S[Leb Mort]/Home Leb
$-1,575.06
SLoan Payment:Interest/Home Leb
$-442.94
S[Leb Mort]/Home Leb
$0.00
SLoan Payment/Home Leb
$-35.00
^
D3/10'15
U-1,500.00
T-1,500.00
PDad
LParents/Parents
^
D3/13'15
U-10.01
T-10.01
PHome Leb Elec
LBills & Utilities:Utilities/Home Leb
^
D3/17'15
U-149.87
T-149.87
NTXFR
PPersonal Exp - Monthly
LEntertainment/Exp
^
D3/21'15
U150,000.00
T150,000.00
PHome Leb - Selling
L[Leb]
^
D3/21'15
U-1,000.00
T-1,000.00
NTXFR
PPersonal Exp - Monthly
LEntertainment/Exp
^
D3/28'15
U-104,149.61
T-104,149.61
NSched
PHome Leb Mort
L--Split--
S[Leb Mort]/Home Leb
$-103,887.81
SLoan Payment:Interest/Home Leb
$-261.80
S[Leb Mort]/Home Leb
$0.00
SLoan Payment/Home Leb
$0.00
^
D3/28'15
U-133.83
T-133.83
NTXFR
PPersonal Exp - Monthly
LEntertainment/Exp
^
D3/29'15
U-1,041.50
T-1,041.50
PBanking Fee
LBanking Fees/Home Leb
^
D3/30'15
U7.10
T7.10
PBanking Fee
LBanking Fees/Home Leb
^
D4/ 1'15
U0.00
T0.00
PTransfer to Leb
L[HSBC UAE]/Transfer From Dubai to Leb
^
D4/ 1'15
U-300.00
T-300.00
PMom
LParents/Parents
^
D4/ 1'15
U-350.00
T-350.00
PAlico - Elie
LAlico/Investment
^
D4/ 1'15
U-1,107.00
T-1,107.00
PAlico - Elie
L[Alico Elie]/Investment
^
D4/ 9'15
U-35.00
T-35.00
PHome Leb Ins
LHome:Home Insurance/Home Leb
^
D4/10'15
U-1,500.00
T-1,500.00
PDad
LParents/Parents
^
D5/ 1'15
U0.00
T0.00
PTransfer to Leb
L[HSBC UAE]/Transfer From Dubai to Leb
^
D5/ 1'15
U-300.00
T-300.00
PMom
LParents/Parents
^
D5/ 8'15
U-8,600.00
T-8,600.00
PChalet
LParents/Parents
^
D5/ 8'15
U-3,440.00
T-3,440.00
PHome Leb Elec
LBills & Utilities:Utilities/Home Leb
^
D5/10'15
U-1,500.00
T-1,500.00
PDad
LParents/Parents
^
D6/ 1'15
U0.00
T0.00
PTransfer to Leb
L[HSBC UAE]/Transfer From Dubai to Leb
^
D6/ 1'15
U21,210.00
T21,210.00
PTransfer to Savings
L[RVBD - RSP]/Transfer
^
D6/ 1'15
U100,000.00
T100,000.00
PTransfer to Savings
L[HSBC UAE]/Transfer to Savings
^
D6/ 1'15
U16,000.00
T16,000.00
PTransfer to Savings
L[HSBC UAE]/Transfer to Savings
^
D6/ 1'15
U-300.00
T-300.00
PMom
LParents/Parents
^
D6/ 1'15
U-1,605.00
T-1,605.00
PAlico - Katie
L[Alico Katie]/Investment
^
D6/ 1'15
U-2,000.00
T-2,000.00
PChalet
LParents/Parents
^
D6/ 1'15
U-1,900.00
T-1,900.00
PNakabe
LParents/Parents
^
D6/ 3'15
U9,677.34
T9,677.34
PTransfer to Leb
L[SAXO]/Transfer
^
D6/ 3'15
U-260.00
T-260.00
PHome Leb
LBills & Utilities:Utilities/Home Leb
^
D6/ 3'15
U-56.54
T-56.54
PBanking Fee
LBanking Fees/Exp
^
D6/ 5'15
U-3,500.00
T-3,500.00
PJenny
LLending/Jenny
^
D6/ 5'15
U-157,000.00
T-157,000.00
PTransfer to Savings
L[IBL LL]/Transfer
^
D6/10'15
U-1,500.00
T-1,500.00
PDad
LParents/Parents
^
D6/24'15
U-700.00
T-700.00
PHome Leb
LBills & Utilities:Utilities/Home Leb
^
D6/26'15
U-2,000.00
T-2,000.00
NTXFR
PPersonal Exp - Monthly
LEntertainment/Exp
^
D7/ 1'15
U6,000.00
T6,000.00
PTransfer to Leb
L[HSBC UAE]/Transfer From Dubai to Leb
^
D7/ 1'15
U-2,000.00
T-2,000.00
PChalet
LParents/Parents
^
D7/ 1'15
U-300.00
T-300.00
PMom
LParents/Parents
^
D7/ 1'15
U-1,340.00
T-1,340.00
PAlico - Elie
LAlico/Investment
^
D7/ 1'15
U-1,107.00
T-1,107.00
PAlico - Elie
L[Alico Elie]/Investment
^
D7/10'15
U-1,500.00
T-1,500.00
PDad
LParents/Parents
^
D7/11'15
U-1,000.00
T-1,000.00
NTXFR
PBisso
L[Bisso]/Transfer
^
D7/15'15
U-540.00
T-540.00
PHome Leb
LBills & Utilities:Utilities/Home Leb
^
D7/15'15
U-1.00
T-1.00
PBanking Fee
LBanking Fees/Exp
^
D7/29'15
U-1.00
T-1.00
PBanking Fee
LBanking Fees/Exp
^
D8/ 1'15
U26,000.00
T26,000.00
PTransfer to Leb
L[HSBC UAE]/Transfer From Dubai to Leb
^
D8/ 1'15
U-2,000.00
T-2,000.00
PChalet
LParents/Parents
^
D8/ 1'15
U-300.00
T-300.00
PMom
LParents/Parents
^
D8/ 5'15
U-2,500.00
T-2,500.00
NTXFR
PPersonal Exp - Monthly
LEntertainment/Exp
^
D8/ 6'15
U-10.01
T-10.01
PHome Leb
LBills & Utilities:Utilities/Home Leb
^
D8/10'15
U-1,500.00
T-1,500.00
PDad
LParents/Parents
^
D8/14'15
U-300.00
T-300.00
PAline
LParents/Parents
^
D8/16'15
U-399.00
T-399.00
PPersonal Exp - Monthly
LEntertainment/Exp
^
D8/17'15
U-6,200.00
T-6,200.00
PBisso Savings
L[Bisso]/Transfer
^
D8/18'15
U-200.00
T-200.00
PAline
LParents/Parents
^
D8/20'15
U-1,000.00
T-1,000.00
PKevin Hospital
LHealth & Fitness:Health Insurance/CIGNA
^
D9/ 1'15
U0.00
T0.00
PTransfer to Leb
L[HSBC UAE]/Transfer From Dubai to Leb
^
D9/ 1'15
U-2,000.00
T-2,000.00
PChalet
LParents/Parents
^
D9/ 1'15
U-1.00
T-1.00
PBanking Fee
LBanking Fees/Exp
^
D9/ 1'15
U-1,900.00
T-1,900.00
PNakabe
LParents/Parents
^
D9/29'15
U-1.00
T-1.00
PBanking Fee
LBanking Fees/Exp
^
D9/30'15
U-806.97
T-806.97
NATM
PPersonal Exp - Monthly
LShopping:Clothing/Exp
^
D10/ 1'15
U-300.00
T-300.00
PMom
LParents/Parents
^
D10/ 1'15
U-1,107.00
T-1,107.00
PAlico - Elie
L[Alico Elie]/Investment
^
D10/10'15
U-200.00
T-200.00
PPersonal Exp - Monthly
LEntertainment/Exp
^
D10/12'15
U-500.00
T-500.00
PAline Birthday
LGifts & Donations:Gift/Exp
^
D10/28'15
U-10.01
T-10.01
PHome Leb
LBills & Utilities:Utilities/Home Leb
^
D10/29'15
U-700.00
T-700.00
PKia Insurance
LCar & Truck Expenses:Insurance/Car
^
D11/26'15
U-405.52
T-405.52
NTXFR
PCC Payment
LBills & Utilities:Credit Card Payment/Credit Card
^
D11/26'15
U-17.34
T-17.34
PHome Leb
LBills & Utilities:Utilities/Home Leb
^
D12/ 8'15
U-600.00
T-600.00
NATM
PPersonal Exp - Monthly
LShopping:Clothing/Exp
^
D12/14'15
U-234.58
T-234.58
NTXFR
PCC Payment
LBills & Utilities:Credit Card Payment/Credit Card
^
D1/ 1'16
U-300.00
T-300.00
PMom
LParents/Parents
^
D1/ 1'16
U-1,100.00
T-1,100.00
PAlico - Elie
L[Alico Elie]/Investment
^
D1/ 4'16
U-464.99
T-464.99
NTXFR
PCC Payment
LBills & Utilities:Credit Card Payment/Credit Card
^
D1/31'16
U-796.44
T-796.44
NTXFR
PCC Payment
LBills & Utilities:Credit Card Payment/Credit Card
^
D3/ 1'16
U-1,638.00
T-1,638.00
PAlico - Kevin
L[Alico Kevin]/Investment
^
D3/ 1'16
U-300.00
T-300.00
PMom
LParents/Parents
^
D3/ 1'16
U-1,000.00
T-1,000.00
PAline Assurance
LParents/Parents
^
D3/ 7'16
U-17.34
T-17.34
PHome Leb
LBills & Utilities:Utilities/Home Leb
^
D3/ 8'16
U3,000.00
T3,000.00
PTransfer to Leb
L[HSBC UAE]/Transfer From Dubai to Leb
^
D3/ 8'16
U-62.00
T-62.00
PNakabe
LParents/Parents
^
D3/21'16
U-800.00
T-800.00
PMom
LParents/Parents
^
D4/ 1'16
U-300.00
T-300.00
PMom
LParents/Parents
^
D4/ 1'16
U-350.00
T-350.00
PAlico - Elie
LAlico/Investment
^
D4/ 1'16
U-1,107.00
T-1,107.00
PAlico - Elie
L[Alico Elie]/Investment
^
D4/10'16
U-43.00
T-43.00
PAline
LParents/Parents
^
D5/ 1'16
U-300.00
T-300.00
PMom
LParents/Parents
^
D5/12'16
U-17.34
T-17.34
PHome Leb
LBills & Utilities:Utilities/Home Leb
^
D5/18'16
U3,000.00
T3,000.00
PTransfer to Leb
L[HSBC UAE]/Transfer From Dubai to Leb
^
D5/24'16
U-17.34
T-17.34
PHome Leb
LBills & Utilities:Utilities/Home Leb
^
D6/ 1'16
U-1,995.00
T-1,995.00
PNakabe
LParents/Parents
^
D6/ 1'16
U-1,605.00
T-1,605.00
PAlico - Katie
L[Alico Katie]/Investment
^
D6/22'16
U5,000.00
T5,000.00
PTransfer to Leb
L[HSBC UAE]/Transfer From Dubai to Leb
^
D6/22'16
U-3,852.03
T-3,852.03
PPersonal Exp - Monthly
LEntertainment/Exp
^
D7/ 1'16
U5,000.00
T5,000.00
PTransfer to Leb
L[HSBC UAE]/Transfer From Dubai to Leb
^
D7/ 1'16
U-1,340.00
T-1,340.00
PAlico - Elie
LAlico/Investment
^
D7/ 1'16
U-1,107.00
T-1,107.00
PAlico - Elie
L[Alico Elie]/Investment
^
D7/ 4'16
U-17.34
T-17.34
PHome Leb
LBills & Utilities:Utilities/Home Leb
^
D7/14'16
U-1,334.00
T-1,334.00
PTickets
LTravel:Vacation/Vacation
^
D9/ 1'16
U1,000.00
T1,000.00
PTransfer to Leb
L[HSBC UAE]/Transfer
^
D9/ 1'16
U-2,509.33
T-2,509.33
NTXFR
PCC Payment
LBills & Utilities:Credit Card Payment/Credit Card
^
D10/ 1'16
U-1,107.00
T-1,107.00
PAlico - Elie
L[Alico Elie]/Investment
^
D10/12'16
U-1,000.00
T-1,000.00
PAline Birthday
LGifts & Donations:Gift/Exp
^
D10/13'16
U-1,500.00
T-1,500.00
PBisso
L[Bisso]/Bisso
^
D10/21'16
U3,000.00
T3,000.00
PTransfer to Leb
L[HSBC UAE]/Transfer From Dubai to Leb
^
D11/ 1'16
U-300.00
T-300.00
PMom
LParents/Parents
^
D11/ 1'16
U-400.00
T-400.00
PDoris Parents
LParents/Parents
^
D11/ 2'16
U2,000.00
T2,000.00
PTransfer to Leb
L[HSBC UAE]/Transfer From Dubai to Leb
^
D11/ 4'16
U-224.92
T-224.92
PHotel
LTravel:Vacation/Vacation
^
D11/ 4'16
U-300.00
T-300.00
PPassport
LMisc Expenses/Exp
^
D11/ 9'16
U1,000.00
T1,000.00
PTransfer to Leb
L[HSBC UAE]/Transfer From Dubai to Leb
^
D11/ 9'16
U-693.00
T-693.00
PKia Insurance
LCar & Truck Expenses:Insurance/Car
^
D12/ 1'16
U-500.00
T-500.00
PDoris Parents
LParents/Parents
^
D1/ 1'17
U0.00
T0.00
PTransfer to Leb
L[HSBC UAE]/Transfer From Dubai to Leb
^
D1/ 1'17
U-300.00
T-300.00
PMom
LParents/Parents
^
D1/ 1'17
U-1,107.00
T-1,107.00
PAlico - Elie
L[Alico Elie]/Investment
^
D1/20'17
U3,900.00
T3,900.00
PTransfer to Leb
L[HSBC UAE $]/Transfer From Dubai to Leb
^
D1/20'17
U-1,905.31
T-1,905.31
PPersonal Exp - Monthly
LEntertainment/Exp
^
D1/20'17
U-93.00
T-93.00
PAline
LParents/Parents
^
D1/23'17
U-20.01
T-20.01
PHome Leb
LBills & Utilities:Utilities/Home Leb
^
D2/ 1'17
U-300.00
T-300.00
PMom
LParents/Parents
^
D3/ 1'17
U0.00
T0.00
PAline Assurance
LParents/Parents
^
D3/ 1'17
U-300.00
T-300.00
PMom
LParents/Parents
^
D3/ 1'17
U-2,100.00
T-2,100.00
PNakabe
LParents/Parents
^
D3/ 1'17
U-1,638.00
T-1,638.00
PAlico - Kevin
L[Alico Kevin]/Investment
^
D3/ 2'17
U-44.70
T-44.70
PHome Leb
LBills & Utilities:Utilities/Home Leb
^
D3/ 5'17
U1,000.00
